2002 3320
601 212 799 273 Erimus
819 243 854 279 1,
876 236 1023 270 37-39
1046 228 1137 283 [111,
1160 228 1296 283 3—5].
1673 229 1727 268 63

193 351 387 388 contorta
405 345 451 387 in
465 344 580 398 ipsas
601 357 732 397 aquas
754 342 842 384 tela
859 341 1084 384 miserunt.
1118 339 1230 381 nihil
1249 339 1423 381 interim
1440 352 1516 394 per
1535 338 1581 380 id
1601 349 1726 380 omne

192 423 360 469 tempus
378 413 598 457 residuum
617 411 883 454 crudelitatis
896 411 980 453 fuit
994 410 1042 451 in
1057 409 1249 464 captiuos
1265 408 1577 451 saeuientibus:
1602 409 1727 450 litare

192 484 258 526 dis
277 482 486 540 sanguine
505 483 696 525 humano
707 515 720 532 ,
743 482 886 524 bibere
906 481 954 522 in
973 468 1146 522 ossibus*
1158 479 1372 534 capitum,
1402 478 1726 533 cuiusquemodi

192 553 386 597 ludibriis
405 553 572 595 foedare
597 559 780 594 mortem
808 559 899 593 tam
926 550 1018 605 igni
1046 564 1175 604 quam
1204 550 1324 591 fumo
1335 580 1349 599 ,
1382 555 1529 602 partus
1558 562 1727 603 quoque

140 633 160 664 5
189 623 465 678 grauidamm
482 622 714 664 mulierum
733 629 982 676 extorquere
1002 618 1240 661 tormentis.
1274 617 1514 660 saeuissimi
1533 618 1727 660 omnium

191 693 407 734 Thracum
428 691 640 734 Scordisci
658 692 800 741 fuere,
833 692 909 733 sed
927 689 1139 732 calliditas
1161 703 1328 743 quoque
1348 689 1403 729 ad
1429 688 1559 729 robur
1588 702 1725 729 acces-

189 769 324 804 serat:
369 762 577 803 siluarum
611 768 654 802 et
681 760 896 802 montium
915 760 1023 802 situs
1052 773 1152 800 cum
1179 758 1353 813 ingenio
1379 758 1719 799 consentiebant.

188 831 333 886 itaque
354 846 442 873 non
462 831 583 872 fusus
603 832 729 873 modo
750 831 804 872 ab
823 829 892 871 his
908 836 984 872 aut
998 829 1191 884 fugatus,
1213 830 1289 870 sed
1303 853 1357 859 -
1374 827 1512 869 simile
1527 827 1723 882 prodigio

194 923 239 934 -ὴ
265 902 440 942 omnino
460 908 576 943 totus
596 901 857 955 interceptus
878 899 1089 942 exercitus
1119 913 1249 953 quem
1276 899 1458 940 duxerat
1487 899 1610 940 Cato.
1644 897 1722 939 Di-

121 979 163 1011 10
190 971 286 1012 dius
313 985 446 1025 uagos
474 977 517 1012 et
545 970 679 1012 libera
712 969 990 1024 populatione
1019 969 1195 1011 diffusos
1231 968 1347 1009 intra
1375 982 1499 1009 suam
1535 967 1723 1022 reppulit

190 1041 431 1082 Thraciam.
476 1041 645 1082 Drusus
675 1039 856 1081 ulterius
884 1039 973 1094 egit
1000 1046 1043 1080 et
1073 1038 1214 1080 uetuit
1243 1037 1422 1079 transire
1449 1037 1719 1079 Danuuium.

190 1110 409 1152 Minucius
436 1117 528 1151 toto
561 1108 752 1151 uastauit
781 1109 954 1158 Hebro,
990 1107 1140 1149 multis
1179 1107 1353 1162 quidem
1390 1107 1555 1148 amissis
1567 1139 1580 1156 ,
1618 1107 1723 1148 dum

186 1181 398 1234 perfidum
415 1170 557 1234 glacie‘
571 1179 735 1220 flumen
754 1178 986 1232 equitatur.
1005 1178 1138 1220 Volso
1157 1178 1399 1232 Rhodopen
1419 1178 1723 1231 Haemumque

187 1249 442 1303 penetrauit.
477 1249 608 1291 Curio
628 1247 766 1290 Dacia
785 1255 910 1290 tenus
931 1247 1077 1298 uenit,
1109 1249 1185 1289 sed
1213 1248 1409 1289 tenebras
1439 1248 1630 1289 saltuum
1651 1261 1722 1288 ex-

121 1328 161 1360 15
187 1319 322 1374 pauit.
355 1319 523 1374 Appius
551 1313 599 1359 i1‘1
620 1318 836 1360 Sarmatas
857 1332 993 1372 usque
1017 1317 1241 1372 peruenit,
1271 1317 1481 1360 Lucullus
1502 1318 1558 1359 ad
1579 1317 1722 1359 termi-

189 1405 294 1431 num
313 1390 509 1444 gentium
529 1388 697 1430 Tanain
715 1389 942 1441 lacumque
956 1387 1177 1429 Maeotim.
1196 1402 1276 1428 nec
1292 1387 1416 1429 aliter
1435 1387 1722 1430 cruentissimi

189 1459 379 1501 hostium
398 1474 528 1514 quam
547 1458 637 1500 suis
656 1457 846 1500 moribus
866 1457 1032 1499 domiti.
1065 1457 1224 1512 quippe
1250 1457 1297 1498 in
1317 1457 1510 1512 captiuos
1530 1457 1623 1512 igni
1641 1458 1722 1498 fer-

190 1544 319 1584 roque
340 1528 554 1570 saeuitum
573 1535 662 1577 est3
696 1529 770 1568 sed
797 1526 910 1568 nihil
927 1526 1117 1568 barbaris
1139 1527 1324 1568 atrocius
1343 1527 1489 1569 uisum
1509 1535 1573 1570 est
1593 1542 1723 1583 quam

189 1601 303 1653 quod
341 1599 516 1641 abscisis
550 1598 749 1641 manibus
784 1597 922 1640 relicti
956 1596 1103 1639 uiuere
1139 1597 1389 1652 superstites
1422 1612 1585 1652 poenae
1620 1610 1722 1639 suae

118 1677 163 1711 20
190 1669 462 1711 iubebantur.
1179 1679 1184 1682 '

385 1837 686 1880 XXXVIIII.
719 1837 966 1879 BELLVM
987 1837 1517 1880 MITHRIDATICVM.

191 1982 395 2024 Ponticae
414 1989 563 2037 gentes
592 1998 618 2024 a
644 1982 932 2038 septentrione
962 1982 1009 2023 in
1039 1982 1262 2025 sinistrum
1289 1983 1454 2034 iacent,
1487 1999 1514 2025 a
1543 1982 1724 2025 Pontico

188 2052 514 2108 cognominatae
533 2053 655 2094 mari.
689 2053 843 2094 harum
873 2052 1069 2107 gentium
1099 2059 1227 2107 atque
1255 2053 1481 2108 regionum
1507 2068 1584 2094 rex
1613 2052 1723 2094 anti—

190 2122 419 2177 quissimus
427 2124 601 2173 Aeetas,
623 2130 720 2178 post
729 2123 975 2171 Artabazes,
999 2137 1025 2163 a
1040 2129 1204 2176 septem
1222 2122 1364 2164 Persis
1381 2123 1604 2172 oriundus,
1623 2123 1724 2163 inde

119 2200 163 2232 25
190 2192 461 2234 Mithridates
474 2225 487 2243 ,
525 2193 719 2234 omnium
756 2193 884 2246 longe
919 2191 1148 2233 maximus.
1196 2192 1353 2246 quippe
1390 2207 1489 2233 cum
1523 2198 1725 2246 quattuor

190 2262 368 2316 Pyrrho,
392 2262 595 2304 tredecim
615 2262 719 2303 anni
737 2261 943 2303 Annibali
964 2260 1230 2310 suffecerint,
1253 2261 1326 2302 ille
1347 2275 1422 2315 per
1442 2261 1725 2316 quadraginta

192 2346 326 2372 annos
346 2331 504 2372 restitit
516 2364 529 2381 ,
560 2333 694 2372 donec
715 2330 850 2372 tribus
871 2330 1118 2384 ingentibus
1137 2329 1263 2371 bellis
1291 2330 1492 2372 subactus
1520 2330 1724 2372 felicitate

191 2401 352 2450 Sullae,
371 2401 532 2442 uirtute
547 2400 735 2450 Luculli,
757 2399 1054 2455 magnitudine
1071 2399 1248 2454 Pompei
1269 2408 1600 2442 consumeretur.
1626 2416 1723 2442 cau-

199 2607 211 2637 l
233 2604 324 2639 nihil
340 2603 484 2639 interim
500 2615 564 2649 per
578 2603 768 2650 imperim
784 2604 900 2638 donec
916 2607 1059 2648 tempus
1082 2611 1107 2637 Β
1131 2603 1142 2649 ΙΙ
1169 2606 1189 2638 2
1214 2604 1417 2639 crudelitati
1439 2613 1465 2638 B
1490 2605 1501 2649 ΙΙ
1528 2607 1550 2638 4
1566 2603 1724 2639 ludibrio

194 2660 251 2705 NR
269 2660 473 2706 SabisNss
491 2660 607 2695 simile
632 2673 678 2702 ς.·
701 2659 811 2694 simili
831 2659 916 2704 BN!
936 2661 976 2693 10
1003 2671 1108 2694 suum
1131 2660 1186 2707 Bfl
1207 2662 1245 2694 11
1272 2660 1428 2695 thaciam
1453 2669 1479 2696 Β
1496 2661 1508 2707 u
1526 2660 1723 2695 danubium

194 2715 308 2759 glacie
329 2716 463 2751 flumen
484 2716 667 2762 equitatur
682 2715 818 2750 mutius
833 2723 859 2750 Β
875 2715 888 2761 fl
908 2717 949 2749 13
965 2726 1029 2760 per
1044 2715 1219 2762 perfidum
1246 2717 1305 2764 ΝΕ
1331 2717 1445 2763 glacie
1467 2717 1601 2751 flumen
1625 2714 1724 2760 equi-

194 2774 292 2805 tatur
306 2783 363 2805 om
376 2780 402 2807 Β
419 2773 431 2818 Η
458 2772 561 2807 uolso
584 2780 610 2807 Β
622 2786 634 2805 .·
659 2772 738 2818 piso
762 2779 795 2806 N
809 2771 822 2817 fl
838 2771 999 2817 rodopen
1025 2779 1051 2806 Β
1067 2771 1079 2818 Η
1106 2771 1344 2820 haemumque
1367 2772 1496 2818 scripsi
1503 2785 1515 2804 :
1540 2768 1725 2805 causd'um-

198 2836 288 2870 quae
314 2835 359 2869 Β,
388 2839 649 2875 caucasumque
672 2836 706 2863 N
728 2828 740 2874 ss
761 2830 801 2863 16
818 2828 976 2863 mseotin
998 2836 1031 2863 N
1046 2829 1057 2874 Η
1077 2831 1117 2863 17
1144 2829 1297 2875 captiuis
1313 2830 1371 2874 ΝΗ
1390 2832 1430 2863 21
1451 2833 1538 2861 xrs
1555 2826 1566 2870 ΙΙ
1584 2831 1724 2859 mm-

198 2889 400 2917 DA‘l'Icqu
416 2885 428 2929 n
446 2886 543 2920 mad
553 2884 834 2931 septentrionem
850 2884 889 2920 in
904 2896 1001 2919 mare
1017 2884 1245 2920 sinistrumN
1259 2885 1271 2930 η
1289 2887 1332 2918 24
1342 2889 1440 2918 aetas
1450 2880 1533 2926 BN!
1551 2882 1594 2915 26
1602 2879 1724 2925 phin-o

196 2939 481 2981 quattuordecim
495 2949 529 2975 N
542 2942 554 2986 ΙΙ
570 2941 743 2976 Annibali
767 2941 972 2976 suffecerint
987 2953 1043 2975 om
1059 2949 1084 2975 B
1102 2941 1113 2985 ΙΙ
1132 2942 1176 2974 28
1193 2939 1293 2974 sillae
1308 2947 1344 2981 Β,
1365 2938 1475 2983 syllae
1490 2944 1523 2971 N
1537 2936 1549 2981 ΙΙ

1746 1993 1817 2030 111,
1842 1982 1867 2020 5
