<?xml version="1.0" encoding="UTF-8"?>
<!DOCTYPE html PUBLIC "-//W3C//DTD XHTML 1.0 Transitional//EN"
    "http://www.w3.org/TR/xhtml1/DTD/xhtml1-transitional.dtd">
<html xmlns="http://www.w3.org/1999/xhtml" xml:lang="en" lang="en">
 <head>
  <title>
</title>
<meta http-equiv="Content-Type" content="text/html;charset=utf-8" />
  <meta name='ocr-system' content='tesseract 3.04.00' />
  <meta name='ocr-capabilities' content='ocr_page ocr_carea ocr_par ocr_line ocrx_word'/>
</head>
<body>
  <div class='ocr_page' id='page_1' title='image "./epitomaedetitol00floruoft_0082.png"; bbox 0 0 2002 3320; ppageno 0'>
   <div class='ocr_carea' id='block_1_1' title="bbox 278 236 1171 276">
    <p class='ocr_par' dir='ltr' id='par_1_1' title="bbox 278 236 1171 276">
     <span class='ocr_line' id='line_1_1' title="bbox 278 236 1171 276; baseline 0.001 -1"><span class='ocrx_word' id='word_1_1' title='bbox 278 236 331 275; x_wconf 87' lang='lat'>28</span> <span class='ocrx_word' id='word_1_2' title='bbox 929 247 1021 276; x_wconf 79' lang='lat' dir='ltr'>1v1.1</span> <span class='ocrx_word' id='word_1_3' title='bbox 1043 248 1171 276; x_wconf 79' lang='lat' dir='ltr'>FLORI</span> 
     </span>
    </p>
   </div>
   <div class='ocr_carea' id='block_1_2' title="bbox 279 344 1880 1512">
    <p class='ocr_par' dir='ltr' id='par_1_2' title="bbox 279 344 1798 470">
     <span class='ocr_line' id='line_1_2' title="bbox 279 344 1798 401; baseline -0.001 -14"><span class='ocrx_word' id='word_1_4' title='bbox 279 347 422 400; x_wconf 89' lang='lat' dir='ltr'>itaque</span> <span class='ocrx_word' id='word_1_5' title='bbox 438 353 619 386; x_wconf 88' lang='lat' dir='ltr'>nanctus</span> <span class='ocrx_word' id='word_1_6' title='bbox 638 345 902 386; x_wconf 89' lang='lat' dir='ltr'>tribunatum</span> <span class='ocrx_word' id='word_1_7' title='bbox 917 346 1128 388; x_wconf 89' lang='lat' dir='ltr'>honorum</span> <span class='ocrx_word' id='word_1_8' title='bbox 1143 353 1186 388; x_wconf 91' lang='lat' dir='ltr'>et</span> <span class='ocrx_word' id='word_1_9' title='bbox 1200 347 1527 401; x_wconf 82' lang='lat' dir='ltr'>magistratuum</span> <span class='ocrx_word' id='word_1_10' title='bbox 1540 344 1798 386; x_wconf 82' lang='lat' dir='ltr'><strong>consortium</strong></span> 
     </span>
     <span class='ocr_line' id='line_1_3' title="bbox 282 414 1085 470; baseline 0 -14"><span class='ocrx_word' id='word_1_11' title='bbox 282 415 477 470; x_wconf 87' lang='lat' dir='ltr'>quamuis</span> <span class='ocrx_word' id='word_1_12' title='bbox 514 414 652 455; x_wconf 89' lang='lat' dir='ltr'>inuito</span> <span class='ocrx_word' id='word_1_13' title='bbox 689 415 857 456; x_wconf 84' lang='lat' dir='ltr'>senatui</span> <span class='ocrx_word' id='word_1_14' title='bbox 895 416 1085 456; x_wconf 81' lang='lat' dir='ltr'>extorsit.</span> 
     </span>
    </p>

    <p class='ocr_par' dir='ltr' id='par_1_3' title="bbox 284 483 1878 1303">
     <span class='ocr_line' id='line_1_4' title="bbox 382 483 1803 540; baseline 0 -15"><span class='ocrx_word' id='word_1_15' title='bbox 382 486 543 526; x_wconf 87' lang='lat' dir='ltr'>Verum</span> <span class='ocrx_word' id='word_1_16' title='bbox 560 483 605 524; x_wconf 87' lang='lat' dir='ltr'>in</span> <span class='ocrx_word' id='word_1_17' title='bbox 622 483 724 537; x_wconf 91' lang='lat' dir='ltr'>ipsis</span> <span class='ocrx_word' id='word_1_18' title='bbox 742 483 1020 525; x_wconf 85' lang='lat' dir='ltr'>seditionibus</span> <span class='ocrx_word' id='word_1_19' title='bbox 1035 485 1270 539; x_wconf 85' lang='lat' dir='ltr'>principem</span> <span class='ocrx_word' id='word_1_20' title='bbox 1278 486 1484 540; x_wconf 89' lang='lat' dir='ltr'>populum</span> <span class='ocrx_word' id='word_1_21' title='bbox 1500 500 1587 525; x_wconf 92' lang='lat' dir='ltr'>non</span> <span class='ocrx_word' id='word_1_22' title='bbox 1605 484 1803 525; x_wconf 84' lang='lat' dir='ltr'>inmerito</span> 
     </span>
     <span class='ocr_line' id='line_1_5' title="bbox 284 553 1803 608; baseline -0.001 -13"><span class='ocrx_word' id='word_1_23' title='bbox 284 554 536 608; x_wconf 80' lang='lat' dir='ltr'>suspexeris.</span> <span class='ocrx_word' id='word_1_24' title='bbox 562 553 598 594; x_wconf 89' lang='lat' dir='ltr'>si</span> <span class='ocrx_word' id='word_1_25' title='bbox 613 553 785 606; x_wconf 91' lang='lat' dir='ltr'>quidem</span> <span class='ocrx_word' id='word_1_26' title='bbox 803 567 919 593; x_wconf 90' lang='lat' dir='ltr'>nunc</span> <span class='ocrx_word' id='word_1_27' title='bbox 934 553 1189 603; x_wconf 87' lang='lat' dir='ltr'>libertatem,</span> <span class='ocrx_word' id='word_1_28' title='bbox 1207 569 1323 597; x_wconf 87' lang='lat' dir='ltr'>nunc</span> <span class='ocrx_word' id='word_1_29' title='bbox 1338 555 1602 608; x_wconf 86' lang='lat' dir='ltr'>pudicitiam,</span> <span class='ocrx_word' id='word_1_30' title='bbox 1621 561 1715 595; x_wconf 91' lang='lat' dir='ltr'>tum</span> <span class='ocrx_word' id='word_1_31' title='bbox 1730 568 1803 594; x_wconf 90' lang='lat' dir='ltr'>na-</span> 
     </span>
     <span class='ocr_line' id='line_1_6' title="bbox 286 622 1853 678; baseline -0.001 -14"><span class='ocrx_word' id='word_1_32' title='bbox 286 623 437 664; x_wconf 89' lang='lat' dir='ltr'>talium</span> <span class='ocrx_word' id='word_1_33' title='bbox 457 622 733 676; x_wconf 88' lang='lat' dir='ltr'>dignitatem,</span> <span class='ocrx_word' id='word_1_34' title='bbox 771 629 865 663; x_wconf 90' lang='lat' dir='ltr'>tum</span> <span class='ocrx_word' id='word_1_35' title='bbox 883 622 1094 662; x_wconf 90' lang='lat' dir='ltr'>honorum</span> <span class='ocrx_word' id='word_1_36' title='bbox 1114 624 1265 664; x_wconf 89' lang='lat' dir='ltr'>decora</span> <span class='ocrx_word' id='word_1_37' title='bbox 1284 630 1326 663; x_wconf 89' lang='lat' dir='ltr'>et</span> <span class='ocrx_word' id='word_1_38' title='bbox 1345 623 1532 678; x_wconf 87' lang='lat' dir='ltr'>insignia</span> <span class='ocrx_word' id='word_1_39' title='bbox 1550 623 1804 672; x_wconf 88' lang='lat' dir='ltr'>uindicauit,</span> <span class='ocrx_word' id='word_1_40' title='bbox 1833 631 1853 662; x_wconf 85' lang='lat'>5</span> 
     </span>
     <span class='ocr_line' id='line_1_7' title="bbox 285 691 1805 746; baseline 0.001 -14"><span class='ocrx_word' id='word_1_41' title='bbox 285 692 478 746; x_wconf 85' lang='lat' dir='ltr'>interque</span> <span class='ocrx_word' id='word_1_42' title='bbox 487 692 591 733; x_wconf 90' lang='lat' dir='ltr'>haec</span> <span class='ocrx_word' id='word_1_43' title='bbox 601 691 744 733; x_wconf 91' lang='lat' dir='ltr'>omnia</span> <span class='ocrx_word' id='word_1_44' title='bbox 751 691 913 732; x_wconf 85' lang='lat' dir='ltr'>nullius</span> <span class='ocrx_word' id='word_1_45' title='bbox 932 691 1065 732; x_wconf 89' lang='lat' dir='ltr'>acrior</span> <span class='ocrx_word' id='word_1_46' title='bbox 1075 698 1216 733; x_wconf 88' lang='lat' dir='ltr'>custos</span> <span class='ocrx_word' id='word_1_47' title='bbox 1235 707 1362 746; x_wconf 89' lang='lat' dir='ltr'>quam</span> <span class='ocrx_word' id='word_1_48' title='bbox 1377 693 1583 734; x_wconf 83' lang='lat' dir='ltr'>libertatis</span> <span class='ocrx_word' id='word_1_49' title='bbox 1594 693 1692 742; x_wconf 83' lang='lat' dir='ltr'>fuit,</span> <span class='ocrx_word' id='word_1_50' title='bbox 1710 693 1805 733; x_wconf 91' lang='lat' dir='ltr'>nul-</span> 
     </span>
     <span class='ocr_line' id='line_1_8' title="bbox 286 761 1806 816; baseline 0.001 -14"><span class='ocrx_word' id='word_1_51' title='bbox 286 763 410 815; x_wconf 90' lang='lat' dir='ltr'>laque</span> <span class='ocrx_word' id='word_1_52' title='bbox 426 762 472 802; x_wconf 93' lang='lat' dir='ltr'>in</span> <span class='ocrx_word' id='word_1_53' title='bbox 487 762 673 815; x_wconf 88' lang='lat' dir='ltr'>pretium</span> <span class='ocrx_word' id='word_1_54' title='bbox 683 761 774 802; x_wconf 88' lang='lat' dir='ltr'>eius</span> <span class='ocrx_word' id='word_1_55' title='bbox 785 761 926 815; x_wconf 88' lang='lat' dir='ltr'>potuit</span> <span class='ocrx_word' id='word_1_56' title='bbox 940 761 1164 815; x_wconf 85' lang='lat' dir='ltr'>largitione</span> <span class='ocrx_word' id='word_1_57' title='bbox 1181 762 1408 816; x_wconf 91' lang='lat' dir='ltr'>corrumpi,</span> <span class='ocrx_word' id='word_1_58' title='bbox 1431 777 1529 802; x_wconf 87' lang='lat' dir='ltr'>cum</span> <span class='ocrx_word' id='word_1_59' title='bbox 1539 762 1640 803; x_wconf 89' lang='lat' dir='ltr'>utin</span> <span class='ocrx_word' id='word_1_60' title='bbox 1650 777 1806 816; x_wconf 88' lang='lat' dir='ltr'>magno</span> 
     </span>
     <span class='ocr_line' id='line_1_9' title="bbox 288 831 1803 885; baseline -0.001 -13"><span class='ocrx_word' id='word_1_61' title='bbox 288 839 331 872; x_wconf 90' lang='lat' dir='ltr'>et</span> <span class='ocrx_word' id='word_1_62' title='bbox 351 831 397 871; x_wconf 91' lang='lat' dir='ltr'>in</span> <span class='ocrx_word' id='word_1_63' title='bbox 418 831 506 872; x_wconf 88' lang='lat' dir='ltr'>dies</span> <span class='ocrx_word' id='word_1_64' title='bbox 526 831 684 872; x_wconf 89' lang='lat' dir='ltr'>maiore</span> <span class='ocrx_word' id='word_1_65' title='bbox 709 832 867 885; x_wconf 91' lang='lat' dir='ltr'>populo</span> <span class='ocrx_word' id='word_1_66' title='bbox 894 831 1067 872; x_wconf 85' lang='lat' dir='ltr'>interim</span> <span class='ocrx_word' id='word_1_67' title='bbox 1093 831 1320 885; x_wconf 83' lang='lat' dir='ltr'>perniciosi</span> <span class='ocrx_word' id='word_1_68' title='bbox 1347 831 1461 872; x_wconf 90' lang='lat' dir='ltr'>ciues</span> <span class='ocrx_word' id='word_1_69' title='bbox 1489 831 1732 873; x_wconf 82' lang='lat' dir='ltr'>existerent.</span> <span class='ocrx_word' id='word_1_70' title='bbox 1755 847 1803 870; x_wconf 55' lang='grc' dir='ltr'>*εκ</span> 
     </span>
     <span class='ocr_line' id='line_1_10' title="bbox 287 900 1808 955; baseline 0.001 -14"><span class='ocrx_word' id='word_1_71' title='bbox 287 900 514 954; x_wconf 84' lang='lat' dir='ltr'>largitione</span> <span class='ocrx_word' id='word_1_72' title='bbox 527 932 540 950; x_wconf 98' lang='lat'>,</span> <span class='ocrx_word' id='word_1_73' title='bbox 565 901 762 942; x_wconf 87' lang='lat' dir='ltr'>Cassium</span> <span class='ocrx_word' id='word_1_74' title='bbox 782 901 945 955; x_wconf 90' lang='lat' dir='ltr'>agraria</span> <span class='ocrx_word' id='word_1_75' title='bbox 963 901 1056 955; x_wconf 89' lang='lat' dir='ltr'>lege</span> <span class='ocrx_word' id='word_1_76' title='bbox 1078 908 1322 954; x_wconf 89' lang='lat' dir='ltr'>suspectum</span> <span class='ocrx_word' id='word_1_77' title='bbox 1344 901 1483 955; x_wconf 85' lang='lat' dir='ltr'>regiae</span> <span class='ocrx_word' id='word_1_78' title='bbox 1508 901 1808 943; x_wconf 88' lang='lat' dir='ltr'>dominationis</span> 
     </span>
     <span class='ocr_line' id='line_1_11' title="bbox 289 970 1878 1025; baseline 0.001 -15"><span class='ocrx_word' id='word_1_79' title='bbox 289 970 501 1024; x_wconf 86' lang='lat' dir='ltr'>praesenti</span> <span class='ocrx_word' id='word_1_80' title='bbox 515 977 650 1011; x_wconf 89' lang='lat' dir='ltr'>morte</span> <span class='ocrx_word' id='word_1_81' title='bbox 669 971 886 1011; x_wconf 87' lang='lat' dir='ltr'>multauit.</span> <span class='ocrx_word' id='word_1_82' title='bbox 912 985 959 1011; x_wconf 92' lang='lat' dir='ltr'>ac</span> <span class='ocrx_word' id='word_1_83' title='bbox 980 972 1031 1011; x_wconf 94' lang='lat' dir='ltr'>de</span> <span class='ocrx_word' id='word_1_84' title='bbox 1053 970 1207 1024; x_wconf 89' lang='lat' dir='ltr'>Spurio</span> <span class='ocrx_word' id='word_1_85' title='bbox 1224 971 1396 1025; x_wconf 90' lang='lat' dir='ltr'>quidem</span> <span class='ocrx_word' id='word_1_86' title='bbox 1415 971 1671 1025; x_wconf 86' lang='lat' dir='ltr'>supplicium</span> <span class='ocrx_word' id='word_1_87' title='bbox 1690 978 1809 1025; x_wconf 87' lang='lat' dir='ltr'>pater</span> <span class='ocrx_word' id='word_1_88' title='bbox 1838 979 1878 1011; x_wconf 87' lang='lat'>10</span> 
     </span>
     <span class='ocr_line' id='line_1_12' title="bbox 288 1040 1808 1094; baseline 0.001 -14"><span class='ocrx_word' id='word_1_89' title='bbox 288 1040 421 1094; x_wconf 90' lang='lat' dir='ltr'>ipsius</span> <span class='ocrx_word' id='word_1_90' title='bbox 433 1040 628 1094; x_wconf 87' lang='lat' dir='ltr'>sumpsit,</span> <span class='ocrx_word' id='word_1_91' title='bbox 649 1041 764 1081; x_wconf 92' lang='lat' dir='ltr'>hunc</span> <span class='ocrx_word' id='word_1_92' title='bbox 783 1040 976 1085; x_wconf 82' lang='lat' dir='ltr'>Quinctii</span> <span class='ocrx_word' id='word_1_93' title='bbox 987 1040 1202 1081; x_wconf 89' lang='lat' dir='ltr'>dictatoris</span> <span class='ocrx_word' id='word_1_94' title='bbox 1218 1040 1395 1094; x_wconf 87' lang='lat' dir='ltr'>imperio</span> <span class='ocrx_word' id='word_1_95' title='bbox 1410 1040 1457 1081; x_wconf 91' lang='lat' dir='ltr'>in</span> <span class='ocrx_word' id='word_1_96' title='bbox 1467 1040 1606 1081; x_wconf 90' lang='lat' dir='ltr'>medio</span> <span class='ocrx_word' id='word_1_97' title='bbox 1616 1041 1705 1081; x_wconf 88' lang='lat' dir='ltr'>foro</span> <span class='ocrx_word' id='word_1_98' title='bbox 1721 1055 1808 1081; x_wconf 89' lang='lat' dir='ltr'>ma-</span> 
     </span>
     <span class='ocr_line' id='line_1_13' title="bbox 288 1109 1810 1164; baseline 0.001 -14"><span class='ocrx_word' id='word_1_99' title='bbox 288 1110 419 1164; x_wconf 89' lang='lat' dir='ltr'>gister</span> <span class='ocrx_word' id='word_1_100' title='bbox 435 1110 626 1164; x_wconf 90' lang='lat' dir='ltr'>equitum</span> <span class='ocrx_word' id='word_1_101' title='bbox 649 1109 854 1150; x_wconf 84' lang='lat' dir='ltr'>Seruilius</span> <span class='ocrx_word' id='word_1_102' title='bbox 874 1110 1014 1150; x_wconf 87' lang='lat' dir='ltr'>Ahala</span> <span class='ocrx_word' id='word_1_103' title='bbox 1031 1109 1233 1150; x_wconf 88' lang='lat' dir='ltr'>confodit.</span> <span class='ocrx_word' id='word_1_104' title='bbox 1254 1110 1468 1151; x_wconf 89' lang='lat' dir='ltr'>Manlium</span> <span class='ocrx_word' id='word_1_105' title='bbox 1487 1125 1588 1150; x_wconf 91' lang='lat' dir='ltr'>uero</span> <span class='ocrx_word' id='word_1_106' title='bbox 1609 1110 1810 1164; x_wconf 87' lang='lat' dir='ltr'>Capitolii</span> 
     </span>
     <span class='ocr_line' id='line_1_14' title="bbox 290 1179 1809 1233; baseline 0.001 -14"><span class='ocrx_word' id='word_1_107' title='bbox 290 1179 527 1229; x_wconf 88' lang='lat' dir='ltr'>uindicem,</span> <span class='ocrx_word' id='word_1_108' title='bbox 559 1179 659 1233; x_wconf 91' lang='lat' dir='ltr'>quia</span> <span class='ocrx_word' id='word_1_109' title='bbox 677 1179 898 1233; x_wconf 86' lang='lat' dir='ltr'>plerosque</span> <span class='ocrx_word' id='word_1_110' title='bbox 919 1179 1157 1220; x_wconf 89' lang='lat' dir='ltr'>debitorum</span> <span class='ocrx_word' id='word_1_111' title='bbox 1176 1179 1428 1220; x_wconf 88' lang='lat' dir='ltr'>liberauerat</span> <span class='ocrx_word' id='word_1_112' title='bbox 1448 1179 1576 1220; x_wconf 90' lang='lat' dir='ltr'>altius</span> <span class='ocrx_word' id='word_1_113' title='bbox 1597 1187 1640 1220; x_wconf 91' lang='lat' dir='ltr'>et</span> <span class='ocrx_word' id='word_1_114' title='bbox 1659 1179 1809 1220; x_wconf 89' lang='lat' dir='ltr'>inciui-</span> 
     </span>
     <span class='ocr_line' id='line_1_15' title="bbox 290 1248 1708 1303; baseline -0.001 -13"><span class='ocrx_word' id='word_1_115' title='bbox 290 1249 372 1290; x_wconf 91' lang='lat' dir='ltr'>lius</span> <span class='ocrx_word' id='word_1_116' title='bbox 394 1264 438 1290; x_wconf 90' lang='lat' dir='ltr'>se</span> <span class='ocrx_word' id='word_1_117' title='bbox 459 1249 717 1298; x_wconf 85' lang='lat' dir='ltr'>efferentem,</span> <span class='ocrx_word' id='word_1_118' title='bbox 741 1249 792 1289; x_wconf 88' lang='lat' dir='ltr'>ab</span> <span class='ocrx_word' id='word_1_119' title='bbox 813 1248 888 1290; x_wconf 91' lang='lat' dir='ltr'>illa</span> <span class='ocrx_word' id='word_1_120' title='bbox 906 1249 1000 1303; x_wconf 89' lang='lat' dir='ltr'>ipsa</span> <span class='ocrx_word' id='word_1_121' title='bbox 1019 1263 1146 1303; x_wconf 90' lang='lat' dir='ltr'>quam</span> <span class='ocrx_word' id='word_1_122' title='bbox 1167 1249 1410 1290; x_wconf 87' lang='lat' dir='ltr'>defenderat</span> <span class='ocrx_word' id='word_1_123' title='bbox 1431 1264 1522 1290; x_wconf 88' lang='lat' dir='ltr'>arce</span> <span class='ocrx_word' id='word_1_124' title='bbox 1543 1249 1708 1293; x_wconf 90' lang='lat' dir='ltr'>deiecit.</span> 
     </span>
    </p>

    <p class='ocr_par' dir='ltr' id='par_1_4' title="bbox 287 1318 1880 1512">
     <span class='ocr_line' id='line_1_16' title="bbox 403 1318 1880 1372; baseline 0.001 -13"><span class='ocrx_word' id='word_1_125' title='bbox 403 1318 519 1359; x_wconf 90' lang='lat' dir='ltr'>Talis</span> <span class='ocrx_word' id='word_1_126' title='bbox 541 1318 656 1360; x_wconf 92' lang='lat' dir='ltr'>domi</span> <span class='ocrx_word' id='word_1_127' title='bbox 675 1333 723 1359; x_wconf 91' lang='lat' dir='ltr'>ac</span> <span class='ocrx_word' id='word_1_128' title='bbox 742 1318 842 1359; x_wconf 85' lang='lat' dir='ltr'>foris</span> <span class='ocrx_word' id='word_1_129' title='bbox 856 1350 869 1368; x_wconf 95' lang='lat'>,</span> <span class='ocrx_word' id='word_1_130' title='bbox 904 1318 1000 1359; x_wconf 89' lang='lat' dir='ltr'>talis</span> <span class='ocrx_word' id='word_1_131' title='bbox 1029 1333 1132 1372; x_wconf 90' lang='lat' dir='ltr'>pace</span> <span class='ocrx_word' id='word_1_132' title='bbox 1161 1319 1356 1372; x_wconf 90' lang='lat' dir='ltr'>belloque</span> <span class='ocrx_word' id='word_1_133' title='bbox 1385 1319 1567 1372; x_wconf 89' lang='lat' dir='ltr'>populus</span> <span class='ocrx_word' id='word_1_134' title='bbox 1588 1320 1808 1360; x_wconf 87' lang='lat' dir='ltr'>Romanus</span> <span class='ocrx_word' id='word_1_135' title='bbox 1839 1328 1880 1360; x_wconf 88' lang='lat'>15</span> 
     </span>
     <span class='ocr_line' id='line_1_17' title="bbox 290 1387 1810 1442; baseline 0 -13"><span class='ocrx_word' id='word_1_136' title='bbox 290 1388 447 1429; x_wconf 89' lang='lat' dir='ltr'>fretum</span> <span class='ocrx_word' id='word_1_137' title='bbox 466 1388 575 1429; x_wconf 92' lang='lat' dir='ltr'>illud</span> <span class='ocrx_word' id='word_1_138' title='bbox 596 1387 924 1437; x_wconf 86' lang='lat' dir='ltr'>adulescentiae,</span> <span class='ocrx_word' id='word_1_139' title='bbox 947 1387 992 1428; x_wconf 92' lang='lat' dir='ltr'>id</span> <span class='ocrx_word' id='word_1_140' title='bbox 1013 1395 1077 1428; x_wconf 89' lang='lat' dir='ltr'>est</span> <span class='ocrx_word' id='word_1_141' title='bbox 1098 1389 1328 1429; x_wconf 90' lang='lat' dir='ltr'>secundam</span> <span class='ocrx_word' id='word_1_142' title='bbox 1347 1388 1514 1442; x_wconf 90' lang='lat' dir='ltr'>imperii</span> <span class='ocrx_word' id='word_1_143' title='bbox 1534 1395 1717 1429; x_wconf 89' lang='lat' dir='ltr'>aetatem</span> <span class='ocrx_word' id='word_1_144' title='bbox 1736 1389 1810 1429; x_wconf 88' lang='lat' dir='ltr'>ha-</span> 
     </span>
     <span class='ocr_line' id='line_1_18' title="bbox 287 1457 1807 1512; baseline 0.001 -14"><span class='ocrx_word' id='word_1_145' title='bbox 287 1457 399 1507; x_wconf 91' lang='lat' dir='ltr'>buit,</span> <span class='ocrx_word' id='word_1_146' title='bbox 421 1457 468 1498; x_wconf 90' lang='lat' dir='ltr'>in</span> <span class='ocrx_word' id='word_1_147' title='bbox 492 1472 576 1512; x_wconf 90' lang='lat' dir='ltr'>qua</span> <span class='ocrx_word' id='word_1_148' title='bbox 595 1464 730 1499; x_wconf 88' lang='lat' dir='ltr'>totam</span> <span class='ocrx_word' id='word_1_149' title='bbox 748 1457 860 1503; x_wconf 90' lang='lat' dir='ltr'>inter</span> <span class='ocrx_word' id='word_1_150' title='bbox 879 1457 1010 1511; x_wconf 85' lang='lat' dir='ltr'>Alpes</span> <span class='ocrx_word' id='word_1_151' title='bbox 1030 1457 1270 1512; x_wconf 83' lang='lat' dir='ltr'>fretumque</span> <span class='ocrx_word' id='word_1_152' title='bbox 1290 1457 1462 1498; x_wconf 87' lang='lat' dir='ltr'>Italiam</span> <span class='ocrx_word' id='word_1_153' title='bbox 1477 1457 1604 1499; x_wconf 83' lang='lat' dir='ltr'>armis</span> <span class='ocrx_word' id='word_1_154' title='bbox 1626 1457 1807 1511; x_wconf 84' lang='lat' dir='ltr'>subegit.</span> 
     </span>
    </p>
   </div>
   <div class='ocr_carea' id='block_1_3' title="bbox 535 1671 1578 1714">
    <p class='ocr_par' dir='ltr' id='par_1_5' title="bbox 535 1671 1578 1714">
     <span class='ocr_line' id='line_1_19' title="bbox 535 1671 1578 1714; baseline -0.002 -2"><span class='ocrx_word' id='word_1_155' title='bbox 535 1672 713 1714; x_wconf 87' lang='lat' dir='ltr'>XVIII.</span> <span class='ocrx_word' id='word_1_156' title='bbox 747 1671 991 1713; x_wconf 89' lang='lat' dir='ltr'>BELLVM</span> <span class='ocrx_word' id='word_1_157' title='bbox 1014 1672 1293 1714; x_wconf 87' lang='lat' dir='ltr'>PVNICVM</span> <span class='ocrx_word' id='word_1_158' title='bbox 1315 1671 1578 1713; x_wconf 83' lang='lat' dir='ltr'>PRIMVM.</span> 
     </span>
    </p>
   </div>
   <div class='ocr_carea' id='block_1_4' title="bbox 175 1833 1894 2383">
    <p class='ocr_par' dir='ltr' id='par_1_6' title="bbox 175 1833 1894 2383">
     <span class='ocr_line' id='line_1_20' title="bbox 175 1833 1814 1894; baseline -0.004 -10"><span class='ocrx_word' id='word_1_159' title='bbox 175 1858 228 1894; x_wconf 92' lang='lat'>11,</span> <span class='ocrx_word' id='word_1_160' title='bbox 256 1849 273 1884; x_wconf 90' lang='lat'>1</span> <span class='ocrx_word' id='word_1_161' title='bbox 294 1840 468 1881; x_wconf 91' lang='lat' dir='ltr'>Domita</span> <span class='ocrx_word' id='word_1_162' title='bbox 490 1841 747 1894; x_wconf 85' lang='lat' dir='ltr'>subactaque</span> <span class='ocrx_word' id='word_1_163' title='bbox 768 1839 896 1880; x_wconf 89' lang='lat' dir='ltr'>Italia</span> <span class='ocrx_word' id='word_1_164' title='bbox 915 1839 1098 1894; x_wconf 89' lang='lat' dir='ltr'>populus</span> <span class='ocrx_word' id='word_1_165' title='bbox 1127 1840 1348 1879; x_wconf 90' lang='lat' dir='ltr'>Romanus</span> <span class='ocrx_word' id='word_1_166' title='bbox 1375 1833 1504 1892; x_wconf 85' lang='lat' dir='ltr'>prope</span> <span class='ocrx_word' id='word_1_167' title='bbox 1534 1837 1814 1893; x_wconf 88' lang='lat' dir='ltr'>quingenten-</span> 
     </span>
     <span class='ocr_line' id='line_1_21' title="bbox 290 1907 1886 1964; baseline -0.002 -13"><span class='ocrx_word' id='word_1_168' title='bbox 290 1910 447 1951; x_wconf 85' lang='lat' dir='ltr'>simum</span> <span class='ocrx_word' id='word_1_169' title='bbox 468 1925 630 1951; x_wconf 90' lang='lat' dir='ltr'>annum</span> <span class='ocrx_word' id='word_1_170' title='bbox 650 1924 778 1964; x_wconf 87' lang='lat' dir='ltr'>agens</span> <span class='ocrx_word' id='word_1_171' title='bbox 800 1924 899 1950; x_wconf 90' lang='lat' dir='ltr'>cum</span> <span class='ocrx_word' id='word_1_172' title='bbox 917 1910 1031 1950; x_wconf 86' lang='lat' dir='ltr'>bona</span> <span class='ocrx_word' id='word_1_173' title='bbox 1050 1909 1134 1949; x_wconf 88' lang='lat' dir='ltr'>fide</span> <span class='ocrx_word' id='word_1_174' title='bbox 1156 1907 1433 1957; x_wconf 87' lang='lat' dir='ltr'>adoleuisset,</span> <span class='ocrx_word' id='word_1_175' title='bbox 1458 1907 1494 1949; x_wconf 91' lang='lat' dir='ltr'>si</span> <span class='ocrx_word' id='word_1_176' title='bbox 1517 1909 1630 1962; x_wconf 91' lang='lat' dir='ltr'>quod</span> <span class='ocrx_word' id='word_1_177' title='bbox 1658 1914 1723 1949; x_wconf 86' lang='lat' dir='ltr'>est</span> <span class='ocrx_word' id='word_1_178' title='bbox 1750 1923 1814 1949; x_wconf 85' lang='lat' dir='ltr'>ro·</span> <span class='ocrx_word' id='word_1_179' title='bbox 1843 1915 1886 1948; x_wconf 86' lang='lat'>20</span> 
     </span>
     <span class='ocr_line' id='line_1_22' title="bbox 288 1977 1815 2034; baseline -0.003 -13"><span class='ocrx_word' id='word_1_180' title='bbox 288 1982 384 2030; x_wconf 87' lang='lat' dir='ltr'>bur,</span> <span class='ocrx_word' id='word_1_181' title='bbox 408 1980 444 2021; x_wconf 91' lang='lat' dir='ltr'>si</span> <span class='ocrx_word' id='word_1_182' title='bbox 465 1995 549 2034; x_wconf 90' lang='lat' dir='ltr'>qua</span> <span class='ocrx_word' id='word_1_183' title='bbox 568 1980 783 2029; x_wconf 88' lang='lat' dir='ltr'>iuuentas,</span> <span class='ocrx_word' id='word_1_184' title='bbox 807 1986 900 2020; x_wconf 88' lang='lat' dir='ltr'>tum</span> <span class='ocrx_word' id='word_1_185' title='bbox 915 1979 988 2020; x_wconf 91' lang='lat' dir='ltr'>ille</span> <span class='ocrx_word' id='word_1_186' title='bbox 1003 1993 1103 2019; x_wconf 90' lang='lat' dir='ltr'>uere</span> <span class='ocrx_word' id='word_1_187' title='bbox 1118 1978 1317 2019; x_wconf 86' lang='lat' dir='ltr'>robustus</span> <span class='ocrx_word' id='word_1_188' title='bbox 1333 1984 1375 2018; x_wconf 83' lang='lat' dir='ltr'>et</span> <span class='ocrx_word' id='word_1_189' title='bbox 1391 1977 1559 2018; x_wconf 91' lang='lat' dir='ltr'>iuuenis</span> <span class='ocrx_word' id='word_1_190' title='bbox 1577 1984 1619 2018; x_wconf 93' lang='lat' dir='ltr'>et</span> <span class='ocrx_word' id='word_1_191' title='bbox 1633 1992 1710 2031; x_wconf 88' lang='lat' dir='ltr'>par</span> <span class='ocrx_word' id='word_1_192' title='bbox 1725 1977 1815 2019; x_wconf 91' lang='lat' dir='ltr'>orbi</span> 
     </span>
     <span class='ocr_line' id='line_1_23' title="bbox 291 2045 1816 2102; baseline -0.003 -11"><span class='ocrx_word' id='word_1_193' title='bbox 291 2057 497 2091; x_wconf 90' lang='lat' dir='ltr'>terrarum</span> <span class='ocrx_word' id='word_1_194' title='bbox 517 2064 606 2090; x_wconf 88' lang='lat' dir='ltr'>esse</span> <span class='ocrx_word' id='word_1_195' title='bbox 639 2048 790 2102; x_wconf 88' lang='lat' dir='ltr'>coepit.</span> <span class='ocrx_word' id='word_1_196' title='bbox 822 2048 884 2088; x_wconf 91' lang='lat' dir='ltr'>ita</span> <span class='ocrx_word' id='word_1_197' title='bbox 913 2073 965 2078; x_wconf 94' lang='lat'>--</span> <span class='ocrx_word' id='word_1_198' title='bbox 997 2047 1154 2088; x_wconf 87' lang='lat' dir='ltr'>mirum</span> <span class='ocrx_word' id='word_1_199' title='bbox 1181 2054 1224 2087; x_wconf 91' lang='lat' dir='ltr'>et</span> <span class='ocrx_word' id='word_1_200' title='bbox 1253 2046 1499 2087; x_wconf 88' lang='lat' dir='ltr'>incredibile</span> <span class='ocrx_word' id='word_1_201' title='bbox 1528 2046 1646 2087; x_wconf 85' lang='lat' dir='ltr'>dictu</span> <span class='ocrx_word' id='word_1_202' title='bbox 1669 2071 1720 2075; x_wconf 93' lang='lat'>—-</span> <span class='ocrx_word' id='word_1_203' title='bbox 1743 2045 1816 2099; x_wconf 93' lang='lat' dir='ltr'>qui</span> 
     </span>
     <span class='ocr_line' id='line_1_24' title="bbox 290 2115 1816 2174; baseline -0.003 -14"><span class='ocrx_word' id='word_1_204' title='bbox 290 2134 419 2174; x_wconf 89' lang='lat' dir='ltr'>prope</span> <span class='ocrx_word' id='word_1_205' title='bbox 440 2118 684 2173; x_wconf 85' lang='lat' dir='ltr'>quingentis</span> <span class='ocrx_word' id='word_1_206' title='bbox 707 2118 830 2159; x_wconf 86' lang='lat' dir='ltr'>annis</span> <span class='ocrx_word' id='word_1_207' title='bbox 861 2116 975 2158; x_wconf 89' lang='lat' dir='ltr'>domi</span> <span class='ocrx_word' id='word_1_208' title='bbox 994 2117 1181 2160; x_wconf 88' lang='lat' dir='ltr'>luctatus</span> <span class='ocrx_word' id='word_1_209' title='bbox 1203 2123 1267 2157; x_wconf 89' lang='lat' dir='ltr'>est</span> <span class='ocrx_word' id='word_1_210' title='bbox 1287 2140 1342 2146; x_wconf 93' lang='grc'>--</span> <span class='ocrx_word' id='word_1_211' title='bbox 1363 2117 1467 2156; x_wconf 94' lang='lat' dir='ltr'>adeo</span> <span class='ocrx_word' id='word_1_212' title='bbox 1488 2115 1657 2156; x_wconf 91' lang='lat' dir='ltr'>difficile</span> <span class='ocrx_word' id='word_1_213' title='bbox 1678 2115 1816 2155; x_wconf 89' lang='lat' dir='ltr'>fuerat</span> 
     </span>
     <span class='ocr_line' id='line_1_25' title="bbox 292 2184 1817 2242; baseline -0.005 -11"><span class='ocrx_word' id='word_1_214' title='bbox 292 2191 390 2231; x_wconf 89' lang='lat' dir='ltr'>dare</span> <span class='ocrx_word' id='word_1_215' title='bbox 412 2189 563 2230; x_wconf 89' lang='lat' dir='ltr'>Italiae</span> <span class='ocrx_word' id='word_1_216' title='bbox 585 2195 713 2242; x_wconf 88' lang='lat' dir='ltr'>caput</span> <span class='ocrx_word' id='word_1_217' title='bbox 739 2212 795 2218; x_wconf 91' lang='lat'>-—</span> <span class='ocrx_word' id='word_1_218' title='bbox 815 2187 883 2228; x_wconf 91' lang='lat' dir='ltr'>his</span> <span class='ocrx_word' id='word_1_219' title='bbox 913 2186 1107 2228; x_wconf 89' lang='lat' dir='ltr'>ducentis</span> <span class='ocrx_word' id='word_1_220' title='bbox 1138 2185 1260 2227; x_wconf 87' lang='lat' dir='ltr'>annis</span> <span class='ocrx_word' id='word_1_221' title='bbox 1292 2185 1366 2239; x_wconf 89' lang='lat' dir='ltr'>qui</span> <span class='ocrx_word' id='word_1_222' title='bbox 1395 2192 1597 2226; x_wconf 86' lang='lat' dir='ltr'>secuntur</span> <span class='ocrx_word' id='word_1_223' title='bbox 1628 2184 1817 2225; x_wconf 86' lang='lat' dir='ltr'>Africam</span> 
     </span>
     <span class='ocr_line' id='line_1_26' title="bbox 292 2253 1888 2314; baseline -0.003 -14"><span class='ocrx_word' id='word_1_224' title='bbox 292 2261 507 2314; x_wconf 87' lang='lat' dir='ltr'>Europam</span> <span class='ocrx_word' id='word_1_225' title='bbox 527 2258 690 2308; x_wconf 86' lang='lat' dir='ltr'>Asiam,</span> <span class='ocrx_word' id='word_1_226' title='bbox 713 2256 853 2299; x_wconf 81' lang='lat' dir='ltr'>totum</span> <span class='ocrx_word' id='word_1_227' title='bbox 873 2256 1055 2310; x_wconf 89' lang='lat' dir='ltr'>denique</span> <span class='ocrx_word' id='word_1_228' title='bbox 1076 2256 1219 2297; x_wconf 91' lang='lat' dir='ltr'>orbem</span> <span class='ocrx_word' id='word_1_229' title='bbox 1239 2262 1445 2296; x_wconf 86' lang='lat' dir='ltr'>terrarum</span> <span class='ocrx_word' id='word_1_230' title='bbox 1463 2254 1587 2297; x_wconf 88' lang='lat' dir='ltr'>bellis</span> <span class='ocrx_word' id='word_1_231' title='bbox 1609 2253 1817 2296; x_wconf 88' lang='lat' dir='ltr'>uictoriis·</span> <span class='ocrx_word' id='word_1_232' title='bbox 1845 2261 1888 2295; x_wconf 90' lang='lat'>25</span> 
     </span>
     <span class='ocr_line' id='line_1_27' title="bbox 293 2324 1894 2383; baseline -0.003 -13"><span class='ocrx_word' id='word_1_233' title='bbox 293 2343 373 2383; x_wconf 91' lang='lat' dir='ltr'>que</span> <span class='ocrx_word' id='word_1_234' title='bbox 391 2328 647 2383; x_wconf 87' lang='lat' dir='ltr'>peragrauit.</span> <span class='ocrx_word' id='word_1_235' title='bbox 1890 2324 1894 2325; x_wconf 45' lang='lat'><em>⁷</em></span> 
     </span>
    </p>
   </div>
   <div class='ocr_carea' id='block_1_5' title="bbox 290 2558 1821 2778">
    <p class='ocr_par' dir='ltr' id='par_1_7' title="bbox 290 2558 1821 2722">
     <span class='ocr_line' id='line_1_28' title="bbox 296 2558 1810 2609; baseline -0.003 -12"><span class='ocrx_word' id='word_1_236' title='bbox 296 2565 309 2596; x_wconf 94' lang='lat' dir='ltr'>l</span> <span class='ocrx_word' id='word_1_237' title='bbox 329 2567 455 2597; x_wconf 82' lang='lat' dir='ltr'>nactus</span> <span class='ocrx_word' id='word_1_238' title='bbox 470 2571 506 2604; x_wconf 87' lang='lat' dir='ltr'>B,</span> <span class='ocrx_word' id='word_1_239' title='bbox 526 2567 678 2598; x_wconf 81' lang='lat' dir='ltr'>nanetus</span> <span class='ocrx_word' id='word_1_240' title='bbox 687 2568 839 2598; x_wconf 83' lang='lat' dir='ltr'>nanctus</span> <span class='ocrx_word' id='word_1_241' title='bbox 854 2571 887 2598; x_wconf 95' lang='lat' dir='ltr'><em>N</em></span> <span class='ocrx_word' id='word_1_242' title='bbox 902 2563 912 2609; x_wconf 73' lang='lat' dir='ltr'>ss</span> <span class='ocrx_word' id='word_1_243' title='bbox 930 2563 1178 2609; x_wconf 82' lang='lat' dir='ltr'>magistratum</span> <span class='ocrx_word' id='word_1_244' title='bbox 1187 2564 1379 2604; x_wconf 82' lang='lat' dir='ltr'>BN(corr2</span> <span class='ocrx_word' id='word_1_245' title='bbox 1391 2565 1448 2603; x_wconf 85' lang='lat' dir='ltr'>m)</span> <span class='ocrx_word' id='word_1_246' title='bbox 1466 2561 1478 2606; x_wconf 74' lang='lat' dir='ltr'>H</span> <span class='ocrx_word' id='word_1_247' title='bbox 1497 2563 1515 2595; x_wconf 89' lang='lat'><strong>3</strong></span> <span class='ocrx_word' id='word_1_248' title='bbox 1533 2560 1569 2594; x_wconf 92' lang='lat' dir='ltr'>in</span> <span class='ocrx_word' id='word_1_249' title='bbox 1586 2559 1642 2594; x_wconf 87' lang='lat' dir='ltr'>his</span> <span class='ocrx_word' id='word_1_250' title='bbox 1658 2559 1743 2604; x_wconf 85' lang='lat' dir='ltr'>ipsis</span> <span class='ocrx_word' id='word_1_251' title='bbox 1753 2567 1785 2592; x_wconf 91' lang='lat' dir='ltr'><em>N</em></span> <span class='ocrx_word' id='word_1_252' title='bbox 1799 2558 1810 2603; x_wconf 80' lang='grc' dir='ltr'>ΙΙ</span> 
     </span>
     <span class='ocr_line' id='line_1_29' title="bbox 291 2614 1821 2664; baseline -0.004 -11"><span class='ocrx_word' id='word_1_253' title='bbox 291 2619 466 2653; x_wconf 79' lang='lat' dir='ltr'>immerito</span> <span class='ocrx_word' id='word_1_254' title='bbox 482 2627 515 2652; x_wconf 88' lang='lat' dir='ltr'><em>N</em></span> <span class='ocrx_word' id='word_1_255' title='bbox 536 2618 548 2664; x_wconf 76' lang='grc' dir='ltr'>ΙΙ</span> <span class='ocrx_word' id='word_1_256' title='bbox 566 2622 586 2652; x_wconf 88' lang='grc'>4</span> <span class='ocrx_word' id='word_1_257' title='bbox 603 2619 804 2653; x_wconf 81' lang='lat' dir='ltr'>libertatem</span> <span class='ocrx_word' id='word_1_258' title='bbox 819 2631 915 2654; x_wconf 88' lang='lat' dir='ltr'>nunc</span> <span class='ocrx_word' id='word_1_259' title='bbox 932 2631 987 2653; x_wconf 88' lang='lat' dir='ltr'>om</span> <span class='ocrx_word' id='word_1_260' title='bbox 1006 2627 1031 2654; x_wconf 84' lang='lat' dir='ltr'><em>B</em></span> <span class='ocrx_word' id='word_1_261' title='bbox 1049 2619 1060 2664; x_wconf 72' lang='lat' dir='ltr'>ss</span> <span class='ocrx_word' id='word_1_262' title='bbox 1078 2622 1097 2652; x_wconf 88' lang='lat'>5</span> <span class='ocrx_word' id='word_1_263' title='bbox 1116 2623 1194 2653; x_wconf 90' lang='lat' dir='ltr'>tum</span> <span class='ocrx_word' id='word_1_264' title='bbox 1210 2623 1290 2653; x_wconf 75' lang='lat' dir='ltr'>ante</span> <span class='ocrx_word' id='word_1_265' title='bbox 1306 2618 1482 2652; x_wconf 87' lang='lat' dir='ltr'>honorum</span> <span class='ocrx_word' id='word_1_266' title='bbox 1498 2629 1553 2650; x_wconf 92' lang='lat' dir='ltr'>om</span> <span class='ocrx_word' id='word_1_267' title='bbox 1567 2624 1600 2649; x_wconf 98' lang='lat' dir='ltr'><em>N</em></span> <span class='ocrx_word' id='word_1_268' title='bbox 1620 2615 1631 2661; x_wconf 82' lang='grc' dir='ltr'>ΙΙ</span> <span class='ocrx_word' id='word_1_269' title='bbox 1662 2618 1682 2648; x_wconf 86' lang='grc'><strong>6</strong></span> <span class='ocrx_word' id='word_1_270' title='bbox 1700 2614 1821 2648; x_wconf 84' lang='lat' dir='ltr'>nullus</span> 
     </span>
     <span class='ocr_line' id='line_1_30' title="bbox 290 2670 1816 2722; baseline -0.005 -11"><span class='ocrx_word' id='word_1_271' title='bbox 290 2685 315 2711; x_wconf 87' lang='lat' dir='ltr'><em>B</em></span> <span class='ocrx_word' id='word_1_272' title='bbox 333 2677 344 2722; x_wconf 89' lang='grc' dir='ltr'>ΙΙ</span> <span class='ocrx_word' id='word_1_273' title='bbox 363 2678 381 2709; x_wconf 86' lang='lat'><strong>7</strong></span> <span class='ocrx_word' id='word_1_274' title='bbox 392 2680 429 2710; x_wconf 88' lang='lat' dir='ltr'>et</span> <span class='ocrx_word' id='word_1_275' title='bbox 445 2675 482 2709; x_wconf 90' lang='lat' dir='ltr'>in</span> <span class='ocrx_word' id='word_1_276' title='bbox 499 2682 662 2720; x_wconf 85' lang='lat' dir='ltr'>magnoB</span> <span class='ocrx_word' id='word_1_277' title='bbox 680 2675 690 2720; x_wconf 76' lang='grc' dir='ltr'>ΙΙ</span> <span class='ocrx_word' id='word_1_278' title='bbox 712 2676 748 2708; x_wconf 95' lang='grc'>11</span> <span class='ocrx_word' id='word_1_279' title='bbox 762 2675 880 2720; x_wconf 89' lang='lat' dir='ltr'>quinti</span> <span class='ocrx_word' id='word_1_280' title='bbox 895 2683 928 2709; x_wconf 96' lang='lat' dir='ltr'><em>N</em></span> <span class='ocrx_word' id='word_1_281' title='bbox 942 2676 953 2721; x_wconf 84' lang='grc' dir='ltr'>ΙΙ</span> <span class='ocrx_word' id='word_1_282' title='bbox 975 2677 1014 2709; x_wconf 90' lang='grc'>12</span> <span class='ocrx_word' id='word_1_283' title='bbox 1025 2674 1209 2710; x_wconf 87' lang='lat' dir='ltr'>seruilium</span> <span class='ocrx_word' id='word_1_284' title='bbox 1227 2675 1246 2708; x_wconf 81' lang='lat' dir='ltr'><em>b</em></span> <span class='ocrx_word' id='word_1_285' title='bbox 1265 2674 1275 2720; x_wconf 89' lang='grc' dir='ltr'>ΙΙ</span> <span class='ocrx_word' id='word_1_286' title='bbox 1293 2674 1397 2708; x_wconf 87' lang='lat' dir='ltr'>ahala</span> <span class='ocrx_word' id='word_1_287' title='bbox 1414 2673 1477 2707; x_wconf 86' lang='lat' dir='ltr'>bN:</span> <span class='ocrx_word' id='word_1_288' title='bbox 1495 2671 1597 2706; x_wconf 81' lang='lat' dir='ltr'>ahala</span> <span class='ocrx_word' id='word_1_289' title='bbox 1610 2679 1636 2705; x_wconf 88' lang='lat' dir='ltr'><em>B</em></span> <span class='ocrx_word' id='word_1_290' title='bbox 1653 2671 1664 2716; x_wconf 87' lang='grc' dir='ltr'>ΙΙ</span> <span class='ocrx_word' id='word_1_291' title='bbox 1683 2670 1816 2715; x_wconf 87' lang='lat' dir='ltr'>capito-</span> 
     </span>
    </p>

    <p class='ocr_par' dir='ltr' id='par_1_8' title="bbox 291 2726 1812 2778">
     <span class='ocr_line' id='line_1_31' title="bbox 291 2726 1812 2778; baseline -0.007 -10"><span class='ocrx_word' id='word_1_292' title='bbox 291 2733 379 2768; x_wconf 88' lang='lat' dir='ltr'>lium</span> <span class='ocrx_word' id='word_1_293' title='bbox 393 2741 418 2767; x_wconf 82' lang='lat' dir='ltr'><em>B</em></span> <span class='ocrx_word' id='word_1_294' title='bbox 435 2731 447 2778; x_wconf 78' lang='grc' dir='ltr'>ΙΙ</span> <span class='ocrx_word' id='word_1_295' title='bbox 469 2733 508 2765; x_wconf 88' lang='grc'>13</span> <span class='ocrx_word' id='word_1_296' title='bbox 525 2730 739 2764; x_wconf 83' lang='lat' dir='ltr'>liberaberat</span> <span class='ocrx_word' id='word_1_297' title='bbox 753 2738 787 2764; x_wconf 95' lang='lat' dir='ltr'><em>N</em></span> <span class='ocrx_word' id='word_1_298' title='bbox 800 2731 812 2776; x_wconf 81' lang='grc'>11</span> <span class='ocrx_word' id='word_1_299' title='bbox 830 2731 942 2765; x_wconf 83' lang='lat' dir='ltr'>alcius</span> <span class='ocrx_word' id='word_1_300' title='bbox 959 2743 996 2765; x_wconf 90' lang='lat' dir='ltr'>se</span> <span class='ocrx_word' id='word_1_301' title='bbox 1007 2735 1041 2765; x_wconf 90' lang='lat' dir='ltr'>et</span> <span class='ocrx_word' id='word_1_302' title='bbox 1050 2731 1232 2765; x_wconf 86' lang='lat' dir='ltr'>inciuilius</span> <span class='ocrx_word' id='word_1_303' title='bbox 1248 2730 1494 2765; x_wconf 85' lang='lat' dir='ltr'>efferentemN</span> <span class='ocrx_word' id='word_1_304' title='bbox 1507 2728 1518 2774; x_wconf 82' lang='grc' dir='ltr'>ΙΙ</span> <span class='ocrx_word' id='word_1_305' title='bbox 1540 2730 1578 2760; x_wconf 89' lang='grc'>14</span> <span class='ocrx_word' id='word_1_306' title='bbox 1597 2726 1673 2772; x_wconf 83' lang='lat' dir='ltr'>ipsa</span> <span class='ocrx_word' id='word_1_307' title='bbox 1689 2733 1786 2759; x_wconf 88' lang='lat' dir='ltr'>omN</span> <span class='ocrx_word' id='word_1_308' title='bbox 1801 2726 1812 2770; x_wconf 84' lang='grc' dir='ltr'>ΙΙ</span> 
     </span>
    </p>
   </div>
   <div class='ocr_carea' id='block_1_6' title="bbox 296 2801 1812 2834">
    <p class='ocr_par' dir='ltr' id='par_1_9' title="bbox 296 2801 1812 2834">
     <span class='ocr_line' id='line_1_32' title="bbox 296 2801 1812 2834; baseline -0.005 0"><span class='ocrx_word' id='word_1_309' title='bbox 296 2803 333 2834; x_wconf 85' lang='grc'>17</span> <span class='ocrx_word' id='word_1_310' title='bbox 359 2809 395 2834; x_wconf 86' lang='lat'>1..-</span> <span class='ocrx_word' id='word_1_311' title='bbox 415 2808 466 2834; x_wconf 81' lang='lat' dir='ltr'>AN</span> <span class='ocrx_word' id='word_1_312' title='bbox 484 2807 552 2834; x_wconf 82' lang='lat' dir='ltr'>NEI</span> <span class='ocrx_word' id='word_1_313' title='bbox 569 2807 684 2834; x_wconf 85' lang='lat' dir='ltr'><strong>FLORI</strong></span> <span class='ocrx_word' id='word_1_314' title='bbox 700 2807 869 2833; x_wconf 82' lang='lat' dir='ltr'>EPITOMA</span> <span class='ocrx_word' id='word_1_315' title='bbox 885 2808 935 2832; x_wconf 80' lang='lat' dir='ltr'>DE</span> <span class='ocrx_word' id='word_1_316' title='bbox 959 2807 1045 2834; x_wconf 87' lang='grc' dir='ltr'><strong>ΤΙΤΟ</strong></span> <span class='ocrx_word' id='word_1_317' title='bbox 1062 2807 1169 2834; x_wconf 90' lang='lat' dir='ltr'>LIVIO</span> <span class='ocrx_word' id='word_1_318' title='bbox 1194 2806 1332 2833; x_wconf 85' lang='lat' dir='ltr'>EXPLIC</span> <span class='ocrx_word' id='word_1_319' title='bbox 1357 2806 1423 2831; x_wconf 82' lang='lat' dir='ltr'>LIB</span> <span class='ocrx_word' id='word_1_320' title='bbox 1448 2804 1475 2830; x_wconf 91' lang='lat'>1·</span> <span class='ocrx_word' id='word_1_321' title='bbox 1505 2802 1652 2829; x_wconf 80' lang='lat' dir='ltr'>INCIPIT</span> <span class='ocrx_word' id='word_1_322' title='bbox 1675 2802 1740 2828; x_wconf 89' lang='lat' dir='ltr'>LIB</span> <span class='ocrx_word' id='word_1_323' title='bbox 1767 2801 1812 2826; x_wconf 92' lang='lat'>11·</span> 
     </span>
    </p>
   </div>
   <div class='ocr_carea' id='block_1_7' title="bbox 292 2861 1817 2968">
    <p class='ocr_par' dir='ltr' id='par_1_10' title="bbox 292 2861 1817 2968">
     <span class='ocr_line' id='line_1_33' title="bbox 292 2861 1817 2911; baseline -0.005 -9"><span class='ocrx_word' id='word_1_324' title='bbox 292 2875 498 2903; x_wconf 80' lang='lat' dir='ltr'>FELICITER</span> <span class='ocrx_word' id='word_1_325' title='bbox 511 2874 545 2900; x_wconf 93' lang='lat' dir='ltr'><em>N</em></span> <span class='ocrx_word' id='word_1_326' title='bbox 567 2866 578 2911; x_wconf 91' lang='grc' dir='ltr'>ΙΙ</span> <span class='ocrx_word' id='word_1_327' title='bbox 604 2868 645 2900; x_wconf 91' lang='grc'>19</span> <span class='ocrx_word' id='word_1_328' title='bbox 662 2865 1001 2911; x_wconf 83' lang='lat' dir='ltr'>quingentissimum</span> <span class='ocrx_word' id='word_1_329' title='bbox 1016 2873 1049 2899; x_wconf 91' lang='lat' dir='ltr'><em>N</em></span> <span class='ocrx_word' id='word_1_330' title='bbox 1063 2866 1074 2910; x_wconf 71' lang='grc' dir='ltr'>Η</span> <span class='ocrx_word' id='word_1_331' title='bbox 1093 2868 1135 2899; x_wconf 87' lang='grc'>20</span> <span class='ocrx_word' id='word_1_332' title='bbox 1153 2866 1183 2899; x_wconf 86' lang='lat' dir='ltr'>si</span> <span class='ocrx_word' id='word_1_333' title='bbox 1199 2877 1271 2910; x_wconf 92' lang='lat' dir='ltr'>quo</span> <span class='ocrx_word' id='word_1_334' title='bbox 1286 2873 1319 2899; x_wconf 92' lang='lat' dir='ltr'><em>N</em></span> <span class='ocrx_word' id='word_1_335' title='bbox 1333 2864 1344 2909; x_wconf 82' lang='grc'>11</span> <span class='ocrx_word' id='word_1_336' title='bbox 1363 2866 1401 2898; x_wconf 89' lang='grc'>21</span> <span class='ocrx_word' id='word_1_337' title='bbox 1423 2862 1530 2896; x_wconf 83' lang='lat' dir='ltr'>robor</span> <span class='ocrx_word' id='word_1_338' title='bbox 1548 2862 1567 2895; x_wconf 87' lang='lat' dir='ltr'>b</span> <span class='ocrx_word' id='word_1_339' title='bbox 1585 2862 1596 2906; x_wconf 68' lang='grc'>11</span> <span class='ocrx_word' id='word_1_340' title='bbox 1614 2866 1651 2895; x_wconf 88' lang='lat' dir='ltr'>et</span> <span class='ocrx_word' id='word_1_341' title='bbox 1666 2864 1747 2895; x_wconf 75' lang='lat' dir='ltr'>ante</span> <span class='ocrx_word' id='word_1_342' title='bbox 1764 2861 1817 2895; x_wconf 89' lang='lat' dir='ltr'>iu-</span> 
     </span>
     <span class='ocr_line' id='line_1_34' title="bbox 293 2915 1816 2968; baseline -0.005 -10"><span class='ocrx_word' id='word_1_343' title='bbox 293 2924 394 2958; x_wconf 84' lang='lat' dir='ltr'>uenis</span> <span class='ocrx_word' id='word_1_344' title='bbox 410 2931 499 2958; x_wconf 83' lang='lat' dir='ltr'>omB</span> <span class='ocrx_word' id='word_1_345' title='bbox 517 2923 528 2968; x_wconf 81' lang='grc' dir='ltr'>ΙΙ</span> <span class='ocrx_word' id='word_1_346' title='bbox 546 2922 696 2957; x_wconf 86' lang='lat' dir='ltr'>orbeBN</span> <span class='ocrx_word' id='word_1_347' title='bbox 710 2922 721 2967; x_wconf 77' lang='grc' dir='ltr'>ΙΙ</span> <span class='ocrx_word' id='word_1_348' title='bbox 740 2924 782 2957; x_wconf 87' lang='grc'>22</span> <span class='ocrx_word' id='word_1_349' title='bbox 800 2922 861 2968; x_wconf 92' lang='lat' dir='ltr'>qui</span> <span class='ocrx_word' id='word_1_350' title='bbox 878 2934 932 2956; x_wconf 87' lang='lat' dir='ltr'>om</span> <span class='ocrx_word' id='word_1_351' title='bbox 948 2930 973 2956; x_wconf 88' lang='lat' dir='ltr'><em>B</em></span> <span class='ocrx_word' id='word_1_352' title='bbox 990 2923 1001 2966; x_wconf 92' lang='grc' dir='ltr'>ΙΙ</span> <span class='ocrx_word' id='word_1_353' title='bbox 1022 2924 1063 2956; x_wconf 90' lang='grc'>23</span> <span class='ocrx_word' id='word_1_354' title='bbox 1082 2921 1179 2956; x_wconf 89' lang='lat' dir='ltr'>domi</span> <span class='ocrx_word' id='word_1_355' title='bbox 1191 2941 1229 2947; x_wconf 92' lang='lat'>——</span> <span class='ocrx_word' id='word_1_356' title='bbox 1243 2920 1345 2955; x_wconf 83' lang='lat' dir='ltr'>annis</span> <span class='ocrx_word' id='word_1_357' title='bbox 1355 2927 1451 2953; x_wconf 88' lang='lat' dir='ltr'>omN</span> <span class='ocrx_word' id='word_1_358' title='bbox 1466 2919 1477 2963; x_wconf 81' lang='grc' dir='ltr'>ΙΙ</span> <span class='ocrx_word' id='word_1_359' title='bbox 1496 2920 1748 2963; x_wconf 79' lang='lat' dir='ltr'>21sequuntur</span> <span class='ocrx_word' id='word_1_360' title='bbox 1762 2924 1787 2950; x_wconf 85' lang='grc' dir='ltr'><em>Β</em></span> <span class='ocrx_word' id='word_1_361' title='bbox 1804 2915 1816 2961; x_wconf 89' lang='grc' dir='ltr'>ΙΙ</span> 
     </span>
    </p>
   </div>
  </div>
 </body>
</html>
