2002 3320
199 315 231 355 I

185 951 227 983 10

185 1301 227 1334 15

178 1651 229 1692 ‚20

187 2001 231 2034 25

764 213 964 244 ΕΡῙΤΟΜΑ
985 215 1018 251 1,
1041 210 1085 242 22
1110 202 1181 257 [11,
1205 201 1261 257 6].
1736 203 1789 243 39

370 314 611 357 Sardiniam
630 314 1068 369 Gracchus-arripuit.
1101 315 1175 356 sed
1195 312 1306 354 nihil
1326 313 1392 354 illi
1410 312 1609 368 gentium
1626 314 1788 364 feritas,

252 384 584 439 insanorumque
605 407 660 414 -
679 398 783 425 nam
801 383 862 426 sic
881 390 1090 425 uocantur
1111 407 1163 414 —
1193 383 1427 426 inmanitas
1453 383 1669 426 montium
1695 399 1790 440 pro·

252 453 382 495 fliete.
427 453 642 496 saeuitum
670 453 717 495 in
743 454 870 496 urbes
898 454 1132 509 urbemque
1158 453 1332 496 urbium
1357 454 1570 506 Caralim,
1606 461 1658 497 ut
1685 467 1791 510 gens

252 530 484 565 contumax
503 523 689 578 uilisque
708 524 856 566 mortis
877 524 1029 581 saltem
1047 523 1256 573 desiderio
1274 524 1406 579 patrii
1431 524 1511 567 soli
1530 526 1786 567 domaretur.

366 594 422 635 In
458 593 726 648 Hispaniam*
755 594 876 636 missi
919 595 1071 637 Gneus
1106 602 1150 636 et
1185 593 1369 636 Publius
1405 594 1627 650 Scipiones
1656 608 1791 648 paene

253 670 386 705 totam
408 663 567 705 Poenis
597 664 863 718 eripuerant,
900 665 975 706 sed
1002 663 1171 706 insidiis
1200 664 1393 706 Punicae
1421 663 1584 705 fraudis
1604 663 1792 718 oppressi

251 746 423 775 rursum
443 734 689 783 amiserant,
711 734 878 789 magnis
898 734 1072 789 quidem
1090 734 1157 775 illi
1175 733 1349 789 proeliis
1368 748 1467 775 cum
1488 733 1676 775 Punicas
1692 747 1792 788 opes

251 803 518 845 cecidissent.
552 811 617 846 set
637 804 828 846 Punicae
847 804 1028 847 insidiae
1048 805 1231 846 alterum
1250 804 1360 845 ferro
1380 810 1520 846 castra
1537 810 1788 852 metantem,

252 873 451 923 alterum,
474 888 573 915 cum
587 874 680 916 uim
694 874 900 917 euasisset
913 875 960 916 in
980 882 1156 924 turrem,
1179 874 1371 916 cinctum
1390 874 1554 916 facibus
1574 887 1790 928 oppresse-

253 951 365 984 rant.
396 943 531 998 igitur
559 943 607 985 in
633 944 854 986 ultionem>
874 944 1008 999 patris
1039 958 1088 986 ac
1113 944 1260 999 patrui
1285 945 1441 986 missus
1471 959 1572 986 cum
1601 943 1792 985 exercitu

253 1013 422 1068 Scipio,
459 1013 531 1054 cui
549 1013 636 1055 iam
654 1015 814 1068 grande
835 1015 887 1055 de
906 1013 1054 1055 Africa
1072 1029 1230 1056 nomen
1250 1015 1340 1056 fata
1367 1016 1667 1063 decreuerunt,
1703 1012 1792 1054 bel-

251 1082 444 1123 latricem
476 1082 620 1133 illam,
658 1083 764 1124 uiris
793 1082 1004 1137 armisque
1037 1083 1228 1125 nobilem
1261 1084 1538 1139 Hispaniam,
1575 1084 1696 1124 illam
1730 1098 1792 1125 se·

251 1152 483 1194 mium-ium
523 1152 691 1194 hostilis
735 1153 947 1195 exercitus
958 1185 971 1204 ‚
1019 1153 1139 1195 illam
1173 1154 1402 1195 Annibalis
1437 1154 1709 1195 eruditricem
1737 1178 1793 1184 —-

252 1222 502 1264 incredibile
528 1222 648 1264 dictu
677 1248 733 1255 -
762 1231 898 1265 totam
927 1239 952 1264 a
989 1224 1221 1278 Pyrenaeis
1258 1223 1477 1265 montibus
1513 1224 1562 1265 in
1589 1223 1794 1265 Herculis

255 1293 476 1334 columnas
510 1299 554 1334 et
575 1293 799 1335 Oceanum
827 1294 1126 1349 recuperauit,
1158 1294 1323 1337 nescias
1353 1293 1480 1335 citius
1516 1309 1574 1335 an
1607 1293 1789 1335 felicius.

253 1378 383 1417 quam
402 1363 632 1413 uelociter,
663 1370 866 1417 quattuor
885 1364 990 1405 anni
1014 1364 1229 1414 fatentur;
1263 1379 1392 1418 quam
1420 1364 1571 1414 facile,
1608 1363 1682 1404 uel
1708 1378 1795 1404 una

253 1432 409 1474 ciuitas
442 1433 609 1487 probat.
643 1434 792 1474 eodem
826 1433 984 1487 quippe
1019 1448 1105 1487 quo
1140 1435 1312 1476 obsessa
1345 1441 1410 1475 est
1444 1434 1514 1476 die
1549 1439 1677 1488 capta
1710 1439 1791 1481 est,

256 1517 464 1556 omenque
498 1502 726 1543 Africanae
762 1502 968 1543 uictoriae
996 1502 1104 1553 fuit,
1147 1505 1261 1558 quod
1290 1511 1380 1545 tam
1416 1503 1541 1545 facile
1579 1502 1699 1544 uicta
1732 1507 1796 1542 est

255 1572 495 1627 Hispaniae
524 1572 755 1626 Carthago.
802 1579 967 1613 certum
1001 1580 1066 1614 est
1098 1581 1241 1615 tamen
1284 1574 1339 1615 ad
1365 1573 1677 1629 profligandam
1702 1585 1798 1626 pro-

255 1641 445 1683 uinciam
464 1641 650 1683 maxime
669 1641 894 1696 profecisse
915 1642 1176 1697 singularem
1191 1643 1312 1685 ducis
1328 1643 1615 1685 sanctitatem.
1639 1641 1799 1696 quippe

256 1712 330 1766 qui
350 1712 543 1766 captiuos
563 1726 717 1766 pueros
737 1712 988 1766 puellasque
1009 1712 1264 1767 praecipuae
1292 1712 1628 1767 pulchritudinis
1647 1712 1797 1753 barba·

255 1781 313 1823 ris
333 1782 599 1831 restitueret,
629 1796 685 1823 ne
712 1781 760 1822 in
787 1790 1066 1836 conspectum
1093 1782 1267 1837 quidem
1297 1797 1426 1824 suum
1451 1795 1604 1837 passus
1625 1778 1796 1827 adduci,

257 1866 312 1893 ne
332 1852 438 1906 quid
475 1853 529 1893 de
564 1851 827 1906 uirginitatis
866 1851 1115 1906 integritate
1151 1852 1359 1900 delibasse
1390 1853 1543 1894 saltem
1571 1849 1706 1892 oculis
1735 1848 1799 1889 ui—

257 1923 444 1963 deretur.

366 1993 490 2033 Haec
508 1991 556 2032 in
576 1990 746 2033 diuersa
765 1997 973 2033 terrarum
985 1991 1172 2046 populus
1188 1992 1427 2041 Romanus,
1450 2005 1529 2032 nec
1544 1991 1641 2032 ideo
1657 1998 1802 2031 tamen

258 2061 495 2104 uisceribus
524 2061 680 2102 Italiae
707 2061 1003 2104 inhaerentem
1030 2075 1300 2103 summouere
1328 2067 1497 2115 poterat
1522 2060 1797 2102 Annibalem.

258 2132 461 2186 pleraque
482 2132 537 2172 ad
556 2131 724 2173 hostem
744 2131 986 2173 defecerant
998 2163 1011 2181 ,
1044 2138 1088 2173 et
1117 2133 1205 2173 dux
1227 2131 1456 2172 acerrimus
1476 2138 1626 2172 contra
1644 2131 1802 2170 Roma-

259 2216 338 2243 nos
358 2201 523 2243 Italicis
544 2216 712 2255 quoque
733 2201 898 2243 uiribus
918 2201 1135 2242 utebatur.
1173 2201 1261 2242 iam
1288 2208 1433 2241 tamen
1461 2214 1561 2240 eum
1589 2198 1803 2253 plerisque

261 2258 428 2326 oppidis
448 2278 492 2312 et
510 2270 756 2324 regionibus
777 2284 1098 2312 excusseramus
1112 2302 1125 2319 ,
1157 2270 1244 2311 iam
1265 2270 1478 2310 Tarentus
1498 2270 1554 2317 ad
1572 2283 1650 2309 nos
1669 2267 1803 2309 redie-

267 2454 280 2485 1
302 2451 366 2486 sed
381 2462 437 2484 om
452 2458 504 2485 IN
518 2451 529 2497 11
547 2450 621 2485 illic
644 2451 703 2497 Ν11
722 2453 741 2485 4
765 2451 873 2485 morti
897 2458 931 2485 N
945 2450 956 2496 11
974 2450 1220 2485 dominaretur
1244 2457 1269 2483 B
1286 2449 1298 2495 11
1317 2451 1337 2483 5
1355 2460 1442 2485 uero
1458 2449 1559 2484 missi
1574 2457 1594 2483 Ι
1609 2449 1620 2494 11
1638 2448 1720 2483 misi
1736 2456 1760 2481 Β
1779 2449 1789 2493 11

263 2518 379 2553 poene
395 2514 421 2542 Β
439 2506 450 2552 11
469 2509 489 2541 6
506 2507 718 2553 eripuerunt
731 2515 777 2542 ΒΙ
792 2508 804 2553 11
821 2507 974 2542 insidiae
993 2515 1018 2541 Β
1035 2507 1046 2553 11
1064 2506 1175 2541 fradis
1190 2514 1217 2540 B
1233 2506 1245 2551 11
1265 2509 1282 2540 7
1301 2506 1533 2541 ammiserant
1554 2514 1580 2540 Β
1597 2506 1610 2550 11
1626 2505 1698 2540 illis
1708 2512 1738 2552 p
1756 2504 1767 2549 11
1785 2506 1805 2537 9

267 2564 342 2598 uim
359 2575 415 2598 om
430 2563 507 2609 1Ν11
525 2568 781 2609 oppresserunt
794 2572 846 2598 1N
859 2563 871 2609 11
900 2566 941 2598 10
965 2568 1107 2610 patrum
1130 2562 1184 2608 Β11
1216 2564 1253 2596 11
1280 2567 1354 2596 tam
1378 2570 1412 2596 N
1435 2562 1447 2608 11
1470 2573 1602 2596 nomen
1629 2562 1675 2596 de
1700 2560 1809 2595 africa

263 2628 284 2654 ι
306 2619 317 2666 11
346 2622 385 2654 13
403 2620 583 2655 exercitus
600 2620 697 2654 illam
714 2620 785 2655 iam
801 2619 980 2655 annibalis
1003 2628 1041 2661 ι,
1073 2619 1251 2655 exercitus
1275 2619 1400 2664 pusilli
1430 2619 1503 2654 iam
1518 2617 1723 2653 hannibalis
1738 2624 1763 2650 Β
1781 2619 1792 2661 11

271 2678 311 2710 14
329 2676 466 2711 dictum
481 2685 514 2711 N
529 2676 541 2722 11
558 2676 717 2722 pyrineis
742 2684 769 2711 Β
785 2676 798 2722 11
815 2676 944 2711 erculis
968 2676 988 2711 b
1006 2676 1018 2722 11
1047 2678 1086 2710 17
1111 2675 1238 2710 eodem
1263 2675 1409 2721 quidem
1424 2683 1445 2710 Ι
1467 2675 1480 2720 11
1506 2685 1650 2721 opsessa
1671 2680 1705 2706 N
1727 2672 1738 2717 11
1756 2676 1811 2705 est

268 2732 396 2768 eodem
411 2733 470 2768 die
486 2733 534 2779 111
555 2734 595 2767 18
612 2743 817 2780 nomenque
831 2740 858 2768 Β
875 2733 888 2779 11
918 2734 960 2767 19
976 2732 1128 2778 hispana
1141 2739 1175 2767 N
1196 2731 1208 2778 1
1225 2733 1269 2766 20
1287 2731 1464 2766 maximae
1479 2738 1505 2765 Β
1523 2731 1534 2776 11
1553 2732 1595 2764 22
1612 2726 1812 2763 restituerit

267 2795 319 2823 IN
343 2789 356 2834 11
381 2791 423 2824 23
442 2790 523 2836 quit
536 2798 563 2825 Β
579 2790 591 2835 11
609 2789 736 2824 saltem
752 2789 813 2824 uel
830 2789 945 2824 oculis
959 2797 1010 2824 m
1024 2789 1036 2835 fl
1054 2791 1096 2824 25
1113 2789 1208 2824 inter
1222 2796 1257 2823 N
1270 2790 1283 2835 11
1299 2787 1456 2834 populus
1478 2796 1647 2820 romanus
1663 2795 1719 2816 om
1735 2790 1767 2816 N
1782 2782 1794 2826 11

273 2846 316 2879 26
340 2845 460 2880 italiae
484 2846 683 2881 uisceribus
714 2854 746 2880 N
762 2846 774 2892 Ι
793 2848 835 2880 29
860 2857 1048 2881 excussere
1071 2845 1211 2881 romani
1235 2845 1307 2879 iam
1332 2846 1513 2878 tarentum
1541 2840 1795 2882 retulerantlfl

276 2900 371 2935 idem
386 2901 588 2936 tarentinus
604 2910 637 2936 N
651 2902 662 2947 11
681 2907 862 2938 tarentum
877 2910 903 2937 B
919 2902 932 2948 11
996 2895 1001 2901 ’
