2002 3320
268 234 388 271 XXII
911 240 1171 269 PRAEFATIO.
1195 214 1197 217 Ι

563 344 602 380 Χ
1103 345 1142 380 Β
1566 341 1614 378 Ν

709 404 865 433 obnoxium

268 459 296 498 p
323 447 416 492 106,
440 449 459 483 7
480 449 675 483 tenerum
691 449 733 482 et
743 456 862 496 opor·
904 449 1100 482 tenerum
1134 448 1176 481 et
1211 442 1340 481 obno-
1390 447 1586 480 tenerum
1613 446 1655 480 et
1684 439 1813 479 obno-

494 518 649 552 tunum
670 510 851 551 iniuriae
945 511 1066 551 xium
1097 517 1139 550 et
1169 517 1338 564 oportu-
1432 509 1553 550 xium
1574 516 1616 549 et
1642 515 1813 563 oportu-

488 622 525 641 ex
540 612 695 640 arboribus
794 573 801 578 ’
943 593 1050 619 num
1073 579 1253 620 iniuriae
1430 593 1536 619 num
1555 578 1738 619 iniuriae

321 655 413 700 121,
436 654 484 690 21
506 657 630 690 taxeo
660 648 860 703 exprimi·
902 663 956 690 ex
976 645 1193 689 arboribus
1215 655 1340 690 taxeo
1389 663 1442 689 ex
1458 648 1674 690 arboribus
1697 655 1813 689 taxe-

488 726 558 760 tur
945 718 1198 773 exprimitur
1429 718 1466 759 is
1488 718 1751 772 exprimitur.

265 844 350 884 huc
371 842 555 897 pertinet
576 843 690 896 quod
709 856 808 882 cum
827 857 856 896 p
882 846 976 891 106,
1003 846 1053 882 25
1077 842 1180 883 olim
1202 842 1407 882 traditum
1433 839 1562 880 fuerit
1590 854 1713 880 arma
1733 839 1812 880 cie-

265 918 338 954 rat
366 912 495 966 idque
525 911 786 966 explicatum
806 911 851 952 in
873 926 996 953 arma
1015 917 1304 961 reuocauerat,
1328 916 1367 951 B
1382 910 1556 964 quidem
1576 915 1714 949 totum
1733 909 1814 950 hoc

266 983 476 1036 glossema
509 981 691 1035 recepit,
730 983 781 1022 N
796 986 938 1021 autem
971 996 1097 1022 uerae
1131 981 1326 1023 lectionis
1357 987 1399 1021 et
1427 979 1556 1020 simul
1585 977 1812 1032 interpola-

265 1052 394 1093 tionis
432 1051 616 1105 uestigia
651 1050 840 1091 seruauit
875 1050 1096 1092 scribendo
1137 1049 1183 1092 in
1221 1065 1344 1091 arma
1375 1049 1498 1090 ierat.
1547 1062 1634 1089 uno
1670 1055 1814 1089 autem

266 1123 359 1163 loco
379 1121 425 1162 in
448 1120 623 1175 antiquo
644 1120 719 1161 illo
740 1120 882 1162 codice
903 1127 1099 1175 corrupta
1118 1120 1244 1162 lectio
1255 1118 1382 1160 etiam
1404 1119 1657 1173 glossemate
1678 1116 1811 1172 expli-

266 1198 360 1233 cata
379 1190 511 1232 fuisse
528 1190 713 1231 uidetur.
757 1205 856 1230 nam
887 1191 1000 1244 quod
1026 1206 1054 1245 p
1078 1195 1147 1241 84,
1177 1194 1225 1231 13
1254 1189 1301 1230 in
1329 1192 1379 1230 N
1394 1188 1551 1243 legitur
1570 1193 1808 1243 utcumque,

266 1260 311 1302 id
331 1275 505 1302 sensum
534 1260 706 1300 nullum
733 1260 888 1301 habere
923 1260 998 1301 diu
1031 1267 1302 1315 perspectum
1323 1265 1416 1307 est,
1455 1258 1568 1311 quod
1603 1265 1746 1298 autem
1773 1262 1814 1298 B

264 1332 438 1386 praebet
459 1330 507 1371 id
524 1329 896 1385 qualitercumque,
930 1330 1010 1371 hoc
1038 1330 1149 1370 nihil
1176 1328 1261 1369 nisi
1278 1326 1671 1382 interpretationem
1691 1326 1813 1367 uerbi

265 1406 486 1455 utcumque
515 1414 606 1441 esse
635 1400 707 1440 uel
741 1399 936 1440 additum
966 1400 1016 1440 id
1047 1400 1112 1455 [id
1137 1398 1221 1454 est]
1255 1399 1531 1439 demonstrat.
1577 1397 1812 1452 antiquitus

264 1469 396 1524 igitur
414 1484 491 1523 pro
513 1483 561 1510 eo
598 1469 712 1523 quod
731 1483 883 1509 uerum
904 1484 994 1510 esse
1032 1477 1137 1523 puto
1170 1461 1412 1522 ‘hucusque'
1442 1481 1580 1508 errore
1610 1467 1814 1521 scriptum

264 1545 485 1594 utcumque
505 1538 633 1592 idque
654 1545 802 1592 postea
821 1539 1083 1593 explicatum
1103 1547 1180 1580 est.

346 1622 456 1663 Aliis
476 1621 580 1662 locis
601 1621 647 1662 in
667 1626 709 1662 X
727 1636 816 1662 non
837 1622 1140 1676 explicationes
1164 1620 1397 1675 adscriptae
1414 1628 1550 1671 erant,
1575 1623 1648 1663 sed
1667 1618 1812 1662 uariae

264 1692 490 1741 lectiones,
522 1691 583 1731 ita
611 1698 661 1732 ut
681 1691 751 1732 uel
773 1706 884 1732 error
904 1691 1065 1733 librarii
1081 1692 1358 1746 corrigeretur
1387 1691 1459 1732 uel
1489 1689 1656 1732 diuersa
1685 1690 1811 1732 lectio

263 1763 561 1816 undecumque
588 1768 690 1802 nata
718 1763 1015 1811 adnotaretur;
1049 1763 1163 1802 unde
1191 1761 1306 1802 idem
1335 1762 1449 1815 quod
1478 1760 1525 1801 in
1545 1760 1811 1815 glossematis

267 1830 429 1872 factum
439 1830 718 1872 esseuidimus
730 1832 800 1872 hic
813 1832 972 1882 euenit,
996 1839 1045 1873 ut
1064 1839 1243 1886 utraque
1263 1831 1389 1872 lectio
1407 1830 1453 1871 in
1465 1835 1553 1872 BN
1568 1830 1811 1872 transferre-

264 1907 348 1941 tur.
374 1902 489 1955 quod
510 1915 593 1955 quo
613 1901 767 1943 clarius
787 1902 1067 1957 perspiciatur
1085 1903 1271 1957 primum
1287 1916 1337 1942 ea
1353 1901 1551 1959 exempla
1571 1915 1812 1955 conponam

263 1967 417 2024 quibus
437 1974 487 2012 N
502 1977 739 2026 utramque,
763 1977 802 2012 B
821 1972 999 2014 alteram
1014 1979 1154 2014 utram
1174 1978 1344 2013 tantum
1358 1970 1584 2012 lectionem
1605 1969 1806 2012 seruauit.

558 2099 597 2134 B
1098 2100 1138 2136 X
1239 2118 1243 2123 ·
1342 2125 1348 2130 .
1568 2097 1618 2134 N

262 2215 288 2254 p
310 2203 376 2249 16,
397 2203 447 2240 25
465 2198 645 2240 inlatam
894 2173 1085 2264 inlatuiii¹
1384 2200 1639 2241 inlatumam

311 2297 380 2342 20,
402 2297 453 2333 20
472 2292 599 2333 armis
621 2299 663 2333 et
894 2262 1101 2335 armiitiim
1385 2299 1591 2333 armatam
1611 2291 1729 2333 misit

310 2388 380 2433 24,
402 2387 449 2424 21
471 2390 668 2425 senatum
702 2399 854 2439 regum
892 2392 1088 2427 senatum
1127 2348 1277 2440 regiiiii
1384 2391 1582 2426 senatum
1626 2398 1809 2438 regnum

480 2467 570 2494 esse
893 2511 899 2517 ,
935 2470 1025 2497 esse
1425 2457 1553 2496 deum
1575 2468 1666 2495 esse

312 2548 379 2593 30,
404 2548 451 2584 15
469 2543 682 2585 insessum
703 2546 754 2586 ab
777 2546 851 2587 ho·
891 2510 1102 2589 iii‘siig'sium
1123 2548 1174 2588 ab
1199 2547 1330 2589 hosti·
1381 2546 1586 2587 infestum
1607 2552 1649 2586 et
1670 2545 1804 2586 inces-

481 2614 616 2654 stibus
936 2619 1017 2659 bus
1423 2629 1519 2656 sum
1540 2616 1593 2655 ab
1609 2614 1804 2656 hostibus

309 2710 377 2756 32,
402 2710 449 2747 18
467 2707 646 2760 praedae
683 2731 727 2737 —
757 2706 851 2748 flui-
889 2710 1069 2762 praedae
1102 2672 1331 2750 —friiiiiltffi
1378 2708 1558 2762 praedae
1577 2731 1629 2737 —
1650 2706 1803 2747 frusta-

477 2780 617 2817 tarent
932 2767 1027 2840 ἔξω
1419 2783 1566 2818 rentur
1593 2783 1636 2817 et
1662 2775 1803 2816 fluita-

494 2914 502 2921 .
890 2878 1015 2916 sipylum
1419 2853 1515 2888 rent

309 2918 377 2963 44,
400 2918 450 2954 25
469 2915 655 2970 Sipylum
890 2915 1046 2970 spilum
1378 2915 1563 2970 sipylum
1584 2922 1625 2956 ct
1646 2915 1804 2970 spilum
