2002 3320
150 648 169 680 5

125 1001 166 1033 10

127 1352 165 1384 15

125 1703 168 1736 20

124 2053 167 2086 25

126 2403 170 2435 30

611 258 810 287 ΒΡΠῸΜΑ
831 257 884 294 11,
910 251 967 284 12.
995 251 1036 285 13
1061 243 1171 300 [1111,
1197 252 1230 285 1.
1256 244 1312 300 2].
1685 247 1741 286 95

195 358 323 408 anni,
355 364 420 399 set
445 370 522 412 pro
549 357 670 399 clade
698 371 841 400 rerum
867 356 1041 406 breues;
1075 357 1111 399 si
1140 357 1283 398 locum
1312 363 1356 398 et
1385 356 1596 411 spatium,
1628 371 1740 399 com-

179 428 358 470 missum
392 434 458 469 est
484 427 599 468 intra
634 427 834 478 Italiam,
872 428 974 470 inde
994 442 1054 470 se
1088 428 1135 469 in
1170 427 1363 470 Galliam
1396 427 1741 482 Hispaniamque

196 497 371 540 deflexit
400 511 703 552 reuersumque
734 499 787 540 ab
817 512 971 540 occasu
1002 498 1105 540 totis
1132 498 1299 540 uiribus
1327 498 1374 539 in
1404 498 1535 552 Epiro
1558 497 1739 540 Thessa·

196 570 337 624 liaque
356 568 566 618 consedit,
591 568 694 610 hinc
714 569 761 610 in
781 569 1028 624 Aegyptum
1048 569 1191 610 subito
1212 568 1456 619 transiluit,
1478 567 1581 609 inde
1600 582 1739 623 respe-

198 639 264 680 xit
272 638 436 689 Asiam,
455 638 623 680 Africae
643 639 859 689 incubuit,
881 646 1095 694 postremo
1114 638 1162 679 in
1178 639 1440 694 Hispaniam
1459 639 1676 694 regyrauit
1696 647 1739 680 et

192 710 252 751 ibi
272 709 503 764 aliquando
524 708 692 750 defecit.
726 710 800 750 sed
819 723 908 750 non
929 716 973 750 et
992 709 1092 750 odia
1114 709 1304 764 partium
1333 709 1460 750 finita
1487 723 1587 750 cum
1605 709 1734 750 bello.

192 795 280 821 non
310 780 426 821 enim
456 780 575 835 prius
605 779 862 834 quieuerunt
874 811 887 830 ,
924 793 1055 834 quam
1081 779 1129 820 in
1155 779 1250 835 ipsa
1279 781 1385 821 urbe
1413 779 1556 822 medio
1585 787 1737 821 senatu

194 865 357 901 eorum,
381 851 455 905 qui
476 850 582 891 uicti
602 857 739 900 erant,
763 850 861 892 odia
880 850 1056 892 uictoris
1079 865 1122 892 se
1143 852 1272 892 caede
1293 851 1512 892 satiarent.

307 922 449 963 Causa
469 929 614 962 tantae
634 920 892 962 calamitatis
912 922 1062 962 eadem
1081 935 1190 976 quae
1211 921 1403 963 omnium
1416 953 1428 971 ,
1450 921 1586 963 nimia
1604 921 1737 962 felici-

195 1000 275 1034 tas.
314 992 350 1034 si
379 992 553 1046 quidem
582 991 747 1036 Quinto
776 991 956 1033 Metello
986 991 1121 1034 Lucio
1151 992 1331 1034 Afranio
1360 991 1610 1033 consulibus
1638 1005 1739 1032 cum

194 1064 391 1104 Romana
410 1062 609 1103 maiestas
630 1068 720 1103 toto
741 1062 840 1102 orbe
859 1062 1040 1116 polleret
1059 1069 1336 1117 recentesque
1363 1062 1590 1112 uictorias,
1624 1063 1737 1104 Pon-

194 1133 299 1174 ticos
321 1139 363 1173 et
383 1131 610 1173 Armenios
630 1131 870 1186 triumphos
891 1132 938 1172 in
959 1132 1235 1187 Pompeianis
1266 1132 1446 1174 theatris
1475 1134 1617 1174 Roma
1637 1148 1736 1174 can-

194 1211 317 1253 taret,
340 1202 476 1244 nimia
496 1201 675 1256 Pompei
694 1201 889 1255 potentia
909 1209 1014 1257 aput
1034 1202 1214 1253 otiosos,
1238 1210 1287 1245 ut
1308 1203 1415 1245 solet
1427 1235 1440 1253 ,
1463 1203 1580 1245 ciues
1600 1204 1738 1246 mouit

194 1273 419 1315 inuidiam.
454 1272 659 1314 Metellus
680 1273 735 1313 ob
755 1271 1022 1313 inminutum
1042 1273 1196 1315 Cretae
1217 1274 1510 1329 triumphum,
1534 1275 1642 1316 Cato
1664 1277 1736 1316 ad-

194 1359 343 1386 uersus
370 1350 567 1399 potentes
597 1356 763 1397 semper
798 1341 998 1396 obliquus
1037 1344 1271 1385 detrectare
1304 1345 1510 1399 Pompeio
1547 1345 1737 1401 actisque

196 1415 289 1456 eius
310 1415 566 1468 obstrepere.
600 1412 671 1453 hic
691 1412 812 1453 dolor
832 1415 1126 1454 transuersum
1155 1413 1243 1468 egit
1264 1421 1309 1455 et
1338 1415 1392 1455 ad
1412 1415 1624 1469 praesidia
1643 1417 1735 1471 dig-

195 1484 324 1525 nitati
334 1484 524 1538 paranda
532 1482 707 1538 inpulit.
731 1482 839 1524 forte
861 1489 965 1524 tunc
982 1483 1162 1525 Crassus
1177 1498 1332 1539 genere
1348 1484 1514 1526 diuitiis
1525 1485 1736 1540 dignitate

196 1555 389 1604 florebat,
412 1561 462 1595 ut
481 1554 615 1595 uellet
635 1560 781 1594 tamen
801 1553 1002 1595 auctioris
1024 1568 1148 1609 opes3
1175 1555 1226 1596 C.
1252 1555 1409 1596 Caesar
1429 1555 1676 1610 eloquentia
1693 1564 1736 1597 et

195 1624 348 1680 spiritu
362 1656 375 1674 ,
413 1637 509 1665 ecce
543 1624 630 1665 iam
659 1631 703 1665 et
728 1624 956 1666 consulatu
986 1624 1290 1674 adleuabatur;
1327 1626 1557 1680 Pompeius
1591 1634 1737 1669 tamen

194 1695 308 1736 inter
326 1702 556 1749 utrumque
576 1694 807 1736 eminebat.
849 1695 910 1736 sic
938 1694 1072 1750 igitur
1092 1696 1274 1737 Caesare
1303 1695 1560 1751 dignitatem
1581 1711 1736 1752 conpa-

194 1780 286 1807 rare
298 1796 310 1815 ,
342 1765 496 1806 Crasso
517 1778 672 1819 augere
684 1796 696 1814 ,
730 1764 934 1819 Pompeio
954 1765 1138 1806 retinere
1158 1765 1431 1820 cupientibus
1451 1767 1736 1823 omnibusque

193 1835 352 1891 pariter
370 1834 590 1890 potentiae
609 1834 778 1889 cupidis
796 1836 850 1876 de
865 1835 1112 1877 inuadenda
1125 1850 1170 1877 re
1185 1836 1358 1891 publica
1373 1837 1498 1878 facile
1514 1838 1732 1879 conuenit.

195 1919 296 1961 ergo
323 1919 423 1946 cum
455 1905 620 1946 mutuis
655 1905 821 1947 uiribus
854 1906 902 1947 in
938 1921 1064 1948 suum
1099 1906 1279 1961 quisque
1314 1908 1444 1949 decus
1477 1906 1733 1956 niterentur,

195 1975 386 2017 Galliam
406 1975 563 2016 Caesar
581 1975 750 2016 inuadit
762 2007 774 2026 ,
799 1977 978 2019 Crassus
998 1977 1171 2030 Asiam,
1196 1978 1427 2032 Pompeius
1447 1978 1731 2032 Hispaniam:

196 2053 288 2103 tres
300 2045 479 2087 maximi
499 2046 734 2097 exercitus,
768 2055 811 2088 et
839 2047 887 2088 in
914 2047 982 2088 his
1003 2047 1115 2089 orbis
1135 2048 1363 2103 imperium
1384 2049 1585 2091 societate
1607 2049 1738 2090 trium

193 2115 438 2171 principum
458 2123 705 2171 occupatur.
730 2118 877 2159 decem
898 2132 1033 2159 annos
1050 2118 1180 2160 traxit
1200 2119 1284 2160 ista
1304 2119 1540 2160 dominatio
1561 2134 1614 2160 ex
1633 2120 1733 2167 fide,

194 2186 296 2241 quia
328 2194 482 2227 mutuo
516 2193 636 2227 metu
670 2188 943 2228 tenebantur.
983 2188 1128 2229 Crassi
1157 2197 1292 2230 morte
1333 2191 1445 2243 apud
1479 2189 1664 2230 Parthos
1694 2196 1736 2230 et

195 2263 331 2296 morte
353 2255 490 2296 Iuliae
510 2256 704 2297 Caesaris
724 2256 862 2306 filiae,
897 2271 1005 2311 quae
1025 2265 1163 2312 nupta
1183 2258 1390 2312 Pompeio
1409 2258 1557 2313 generi
1584 2259 1736 2300 soceri-

196 2339 279 2379 que
298 2325 567 2366 concordiam
585 2325 846 2366 matrimonii
866 2326 1032 2368 foedere
1053 2327 1314 2378 continebat,
1339 2329 1486 2370 statim
1507 2329 1736 2371 aemulatio

199 2395 353 2449 erupit.
394 2395 480 2436 iam
510 2395 716 2451 Pompeio
745 2404 967 2452 suspectae
987 2398 1181 2440 Caesaris
1208 2413 1309 2453 opes
1338 2407 1380 2441 et
1408 2400 1581 2442 Caesari
1610 2402 1735 2441 Pom-

202 2566 215 2598 1
237 2563 341 2598 annis
365 2563 428 2598 sed
451 2571 476 2597 Β
494 2563 505 2608 ΙΙ
522 2563 652 2599 breues
674 2566 870 2601 Halmius.-
897 2567 1005 2602 breue
1028 2576 1073 2610 B,
1100 2568 1210 2603 breue
1233 2574 1376 2616 tempus
1398 2579 1431 2605 Ν
1453 2572 1465 2617 u
1492 2571 1647 2617 spatium
1674 2571 1736 2605 ubi

199 2620 429 2655 commissum
444 2628 518 2662 ΒΝ,
544 2632 599 2655 em
622 2621 827 2657 Per-iconam
844 2624 856 2669 ΙΙ
874 2625 895 2657 2
913 2623 1204 2671 hisspaniamque
1225 2633 1252 2660 Β
1268 2626 1279 2671 ss
1297 2628 1317 2660 3
1345 2638 1511 2662 occasum
1533 2637 1559 2662 B
1577 2629 1588 2673 11
1606 2631 1627 2662 4
1653 2628 1736 2662 hinc

198 2688 253 2710 om
268 2685 295 2711 Β
312 2677 323 2722 Η
341 2682 522 2722 aegypton
539 2684 574 2711 Ν
586 2676 598 2722 Η
617 2679 636 2711 5
654 2677 819 2724 hispania
834 2680 1003 2726 regnauit
1024 2688 1050 2715 Β
1067 2682 1079 2727 ΙΙ
1098 2684 1116 2715 7
1136 2681 1224 2717 urbe
1239 2682 1318 2729 ipsa
1332 2684 1391 2729 ΝΗ
1411 2685 1430 2718 8
1448 2695 1526 2718 sese
1540 2693 1574 2718 Ν
1587 2685 1599 2729 fl
1616 2686 1637 2718 9
1656 2695 1737 2717 cau-

198 2742 258 2768 sae
280 2733 340 2778 ΝΗ
357 2733 554 2779 eademque
579 2733 741 2769 omnium
764 2736 848 2781 ΒΝη
870 2738 910 2771 10
935 2737 1093 2772 affieano
1107 2738 1162 2784 311
1185 2740 1223 2772 12
1250 2740 1452 2775 amoenios
1475 2741 1529 2784 Βη
1551 2741 1591 2773 13
1614 2744 1738 2773 mouet

205 2789 260 2834 ΒΙΙ
283 2791 320 2823 15
345 2794 509 2835 petentes
535 2797 561 2824 Β
578 2791 590 2836 ῃ
608 2790 746 2826 oblicus
769 2799 802 2826 Ν
823 2793 834 2838 ΙΙ
861 2794 1142 2841 pompeium'zvfl
1164 2798 1203 2830 16
1221 2795 1305 2830 hinc
1321 2797 1379 2841 Νη
1398 2802 1645 2830 transuersum
1660 2794 1720 2838 ΝΗ

203 2846 244 2878 18
260 2850 302 2879 ut
323 2845 394 2879 add
414 2846 695 2881 Mommseniue:
721 2859 777 2882 om
800 2849 886 2896 ΒΝΙΙ
902 2851 1080 2886 auctiores
1103 2860 1137 2887 Ν
1160 2853 1174 2897 u
1197 2863 1234 2898 g.
1260 2860 1294 2886 N
1316 2852 1327 2896 ΙΙ
1355 2853 1398 2885 20
1422 2862 1530 2896 super
1553 2858 1588 2884 Ν
1609 2850 1736 2895 ”hunc

199 2900 371 2934 Heinsius
388 2902 400 2946 fl
417 2904 460 2936 25
478 2902 652 2938 maximos
667 2911 701 2938 Ν
715 2903 727 2948 ΙΙ
745 2910 782 2940 et
797 2906 867 2940 iam
885 2907 935 2942 sic
952 2907 1049 2943 orbis
1065 2916 1099 2942 Ν
1111 2908 1123 2951 11
1142 2911 1184 2943 26
1202 2907 1401 2942 dominatio
1418 2907 1549 2941 exinde
1566 2906 1736 2952 quoniam

202 2957 259 3001 Νκ
277 2958 319 2990 27
338 2963 375 2991 et
390 2970 445 2992 om
461 2966 487 2992 Β
504 2960 515 3003 ll
534 2962 577 2994 29
594 2960 741 2996 tenebat
756 2964 814 3009 Nu
