<?xml version="1.0" encoding="UTF-8"?>
<!DOCTYPE html PUBLIC "-//W3C//DTD XHTML 1.0 Transitional//EN"
    "http://www.w3.org/TR/xhtml1/DTD/xhtml1-transitional.dtd">
<html xmlns="http://www.w3.org/1999/xhtml" xml:lang="en" lang="en">
 <head>
  <title>
</title>
<meta http-equiv="Content-Type" content="text/html;charset=utf-8" />
  <meta name='ocr-system' content='tesseract 3.04.00' />
  <meta name='ocr-capabilities' content='ocr_page ocr_carea ocr_par ocr_line ocrx_word'/>
</head>
<body>
  <div class='ocr_page' id='page_1' title='image "./epitomaedetitol00floruoft_0127.png"; bbox 0 0 2002 3320; ppageno 0'>
   <div class='ocr_carea' id='block_1_1' title="bbox 161 631 182 662">
    <p class='ocr_par' dir='ltr' id='par_1_1' title="bbox 161 631 182 662">
     <span class='ocr_line' id='line_1_1' title="bbox 161 631 182 662; baseline 0 0"><span class='ocrx_word' id='word_1_1' title='bbox 161 631 182 662; x_wconf 87' lang='lat'><strong>5</strong></span> 
     </span>
    </p>
   </div>
   <div class='ocr_carea' id='block_1_2' title="bbox 145 980 187 1012">
    <p class='ocr_par' dir='ltr' id='par_1_2' title="bbox 145 980 187 1012">
     <span class='ocr_line' id='line_1_2' title="bbox 145 980 187 1012; baseline 0 0"><span class='ocrx_word' id='word_1_2' title='bbox 145 980 187 1012; x_wconf 92' lang='lat'><strong>10</strong></span> 
     </span>
    </p>
   </div>
   <div class='ocr_carea' id='block_1_3' title="bbox 68 1308 185 1362">
    <p class='ocr_par' dir='ltr' id='par_1_3' title="bbox 68 1308 185 1362">
     <span class='ocr_line' id='line_1_3' title="bbox 68 1308 185 1362; baseline -0.009 0"><span class='ocrx_word' id='word_1_3' title='bbox 68 1308 185 1362; x_wconf 55' lang='lat'><strong>‘15</strong></span> 
     </span>
    </p>
   </div>
   <div class='ocr_carea' id='block_1_4' title="bbox 142 1679 186 1712">
    <p class='ocr_par' dir='ltr' id='par_1_4' title="bbox 142 1679 186 1712">
     <span class='ocr_line' id='line_1_4' title="bbox 142 1679 186 1712; baseline 0.023 -1"><span class='ocrx_word' id='word_1_4' title='bbox 142 1679 186 1712; x_wconf 88' lang='grc'><strong>20</strong></span> 
     </span>
    </p>
   </div>
   <div class='ocr_carea' id='block_1_5' title="bbox 144 2026 188 2059">
    <p class='ocr_par' dir='ltr' id='par_1_5' title="bbox 144 2026 188 2059">
     <span class='ocr_line' id='line_1_5' title="bbox 144 2026 188 2059; baseline 0 0"><span class='ocrx_word' id='word_1_5' title='bbox 144 2026 188 2059; x_wconf 86' lang='grc'><strong>25</strong></span> 
     </span>
    </p>
   </div>
   <div class='ocr_carea' id='block_1_6' title="bbox 708 226 1750 283">
    <p class='ocr_par' dir='ltr' id='par_1_6' title="bbox 708 226 1750 283">
     <span class='ocr_line' id='line_1_6' title="bbox 708 226 1750 283; baseline -0.004 -13"><span class='ocrx_word' id='word_1_6' title='bbox 708 231 907 272; x_wconf 61' lang='lat' dir='ltr'><strong>iim-rom</strong></span> <span class='ocrx_word' id='word_1_7' title='bbox 926 241 961 278; x_wconf 90' lang='lat'><strong>1,</strong></span> <span class='ocrx_word' id='word_1_8' title='bbox 982 237 1027 270; x_wconf 84' lang='lat'><strong>44</strong></span> <span class='ocrx_word' id='word_1_9' title='bbox 1052 227 1142 283; x_wconf 93' lang='lat'>[111,</span> <span class='ocrx_word' id='word_1_10' title='bbox 1168 227 1243 283; x_wconf 89' lang='lat'><strong>10].</strong></span> <span class='ocrx_word' id='word_1_11' title='bbox 1696 226 1750 266; x_wconf 86' lang='lat'><strong>73</strong></span> 
     </span>
    </p>
   </div>
   <div class='ocr_carea' id='block_1_7' title="bbox 207 338 1750 395">
    <p class='ocr_par' dir='ltr' id='par_1_7' title="bbox 207 338 1750 395">
     <span class='ocr_line' id='line_1_7' title="bbox 207 338 1750 395; baseline -0.005 -9"><span class='ocrx_word' id='word_1_12' title='bbox 207 344 419 386; x_wconf 75' lang='lat' dir='ltr'>Oceanus.</span> <span class='ocrx_word' id='word_1_13' title='bbox 465 354 657 395; x_wconf 85' lang='lat' dir='ltr'><strong>reuersus</strong></span> <span class='ocrx_word' id='word_1_14' title='bbox 685 340 818 395; x_wconf 81' lang='lat' dir='ltr'><strong>igitur</strong></span> <span class='ocrx_word' id='word_1_15' title='bbox 845 341 893 382; x_wconf 89' lang='lat' dir='ltr'><strong>in</strong></span> <span class='ocrx_word' id='word_1_16' title='bbox 923 339 1137 390; x_wconf 88' lang='lat' dir='ltr'><strong>Galliam,</strong></span> <span class='ocrx_word' id='word_1_17' title='bbox 1174 341 1308 381; x_wconf 90' lang='lat' dir='ltr'><strong>classe</strong></span> <span class='ocrx_word' id='word_1_18' title='bbox 1334 338 1492 382; x_wconf 86' lang='lat' dir='ltr'><strong>maiore</strong></span> <span class='ocrx_word' id='word_1_19' title='bbox 1530 338 1750 393; x_wconf 89' lang='lat' dir='ltr'><strong>auctisque</strong></span> 
     </span>
    </p>
   </div>
   <div class='ocr_carea' id='block_1_8' title="bbox 210 408 1753 2280">
    <p class='ocr_par' dir='ltr' id='par_1_8' title="bbox 210 408 1753 2280">
     <span class='ocr_line' id='line_1_8' title="bbox 212 408 1743 467; baseline -0.003 -14"><span class='ocrx_word' id='word_1_20' title='bbox 212 412 410 467; x_wconf 55' lang='lat' dir='ltr'><strong>copiis&#39;in</strong></span> <span class='ocrx_word' id='word_1_21' title='bbox 434 411 621 452; x_wconf 87' lang='lat' dir='ltr'><strong>eundem</strong></span> <span class='ocrx_word' id='word_1_22' title='bbox 641 425 784 452; x_wconf 84' lang='lat' dir='ltr'><strong>rursus</strong></span> <span class='ocrx_word' id='word_1_23' title='bbox 805 411 1027 452; x_wconf 87' lang='lat' dir='ltr'><strong>Oceanum</strong></span> <span class='ocrx_word' id='word_1_24' title='bbox 1055 411 1308 464; x_wconf 89' lang='lat' dir='ltr'><strong>eosdemque</strong></span> <span class='ocrx_word' id='word_1_25' title='bbox 1334 423 1478 450; x_wconf 90' lang='lat' dir='ltr'><strong>rursus</strong></span> <span class='ocrx_word' id='word_1_26' title='bbox 1499 408 1743 454; x_wconf 80' lang='lat' dir='ltr'><strong>Britannos.</strong></span> 
     </span>
     <span class='ocr_line' id='line_1_9' title="bbox 215 477 1748 535; baseline -0.004 -10"><span class='ocrx_word' id='word_1_27' title='bbox 215 483 452 525; x_wconf 80' lang='lat' dir='ltr'><strong>Caledonas</strong></span> <span class='ocrx_word' id='word_1_28' title='bbox 473 488 643 522; x_wconf 87' lang='lat' dir='ltr'><strong>secutus</strong></span> <span class='ocrx_word' id='word_1_29' title='bbox 663 480 710 520; x_wconf 90' lang='lat' dir='ltr'><strong>in</strong></span> <span class='ocrx_word' id='word_1_30' title='bbox 730 480 860 522; x_wconf 90' lang='lat' dir='ltr'><strong>siluas</strong></span> <span class='ocrx_word' id='word_1_31' title='bbox 880 495 1016 522; x_wconf 86' lang='lat' dir='ltr'><strong>unum</strong></span> <span class='ocrx_word' id='word_1_32' title='bbox 1035 495 1202 535; x_wconf 92' lang='lat' dir='ltr'><strong>quoque</strong></span> <span class='ocrx_word' id='word_1_33' title='bbox 1222 494 1277 521; x_wconf 87' lang='lat' dir='ltr'><strong>ex</strong></span> <span class='ocrx_word' id='word_1_34' title='bbox 1295 479 1466 534; x_wconf 86' lang='lat' dir='ltr'><strong>regibus</strong></span> <span class='ocrx_word' id='word_1_35' title='bbox 1481 477 1748 521; x_wconf 84' lang='lat' dir='ltr'><strong>Cassiuelani</strong></span> 
     </span>
     <span class='ocr_line' id='line_1_10' title="bbox 214 547 1748 605; baseline -0.003 -12"><span class='ocrx_word' id='word_1_36' title='bbox 214 552 260 593; x_wconf 94' lang='lat' dir='ltr'><strong>in</strong></span> <span class='ocrx_word' id='word_1_37' title='bbox 279 551 423 592; x_wconf 87' lang='lat' dir='ltr'><strong>uincla</strong></span> <span class='ocrx_word' id='word_1_38' title='bbox 442 550 575 592; x_wconf 84' lang='lat' dir='ltr'><strong>dedit.</strong></span> <span class='ocrx_word' id='word_1_39' title='bbox 609 556 834 591; x_wconf 81' lang='lat' dir='ltr'><strong>contentus</strong></span> <span class='ocrx_word' id='word_1_40' title='bbox 854 549 921 591; x_wconf 90' lang='lat' dir='ltr'><strong>his</strong></span> <span class='ocrx_word' id='word_1_41' title='bbox 943 552 1049 603; x_wconf 91' lang='lat' dir='ltr'><strong>(non</strong></span> <span class='ocrx_word' id='word_1_42' title='bbox 1069 550 1184 591; x_wconf 90' lang='lat' dir='ltr'><strong>enim</strong></span> <span class='ocrx_word' id='word_1_43' title='bbox 1204 549 1465 605; x_wconf 86' lang='lat' dir='ltr'><strong>prouinciae,</strong></span> <span class='ocrx_word' id='word_1_44' title='bbox 1489 550 1563 590; x_wconf 93' lang='lat' dir='ltr'><strong>sed</strong></span> <span class='ocrx_word' id='word_1_45' title='bbox 1582 547 1748 589; x_wconf 89' lang='lat' dir='ltr'><strong>nomini</strong></span> 
     </span>
     <span class='ocr_line' id='line_1_11' title="bbox 210 618 1747 675; baseline -0.003 -12"><span class='ocrx_word' id='word_1_46' title='bbox 210 621 484 675; x_wconf 84' lang='lat' dir='ltr'>studebatur)</span> <span class='ocrx_word' id='word_1_47' title='bbox 516 635 614 662; x_wconf 90' lang='lat' dir='ltr'><strong>cum</strong></span> <span class='ocrx_word' id='word_1_48' title='bbox 644 619 802 661; x_wconf 87' lang='lat' dir='ltr'><strong>maiore</strong></span> <span class='ocrx_word' id='word_1_49' title='bbox 829 635 958 675; x_wconf 89' lang='lat' dir='ltr'><strong>quam</strong></span> <span class='ocrx_word' id='word_1_50' title='bbox 986 620 1103 675; x_wconf 87' lang='lat' dir='ltr'><strong>prius</strong></span> <span class='ocrx_word' id='word_1_51' title='bbox 1130 621 1288 674; x_wconf 84' lang='lat' dir='ltr'><strong>praeda</strong></span> <span class='ocrx_word' id='word_1_52' title='bbox 1306 626 1502 661; x_wconf 81' lang='lat' dir='ltr'><strong>reuectus</strong></span> <span class='ocrx_word' id='word_1_53' title='bbox 1522 624 1611 667; x_wconf 88' lang='lat' dir='ltr'><strong>est,</strong></span> <span class='ocrx_word' id='word_1_54' title='bbox 1653 618 1747 673; x_wconf 88' lang='lat' dir='ltr'><strong>ipso</strong></span> 
     </span>
     <span class='ocr_line' id='line_1_12' title="bbox 215 687 1747 746; baseline -0.003 -14"><span class='ocrx_word' id='word_1_55' title='bbox 215 706 380 746; x_wconf 88' lang='lat' dir='ltr'><strong>quoque</strong></span> <span class='ocrx_word' id='word_1_56' title='bbox 401 692 574 733; x_wconf 88' lang='lat' dir='ltr'>Oceano</span> <span class='ocrx_word' id='word_1_57' title='bbox 595 691 824 745; x_wconf 87' lang='lat' dir='ltr'><strong>tranquillo</strong></span> <span class='ocrx_word' id='word_1_58' title='bbox 851 690 988 745; x_wconf 86' lang='lat' dir='ltr'><strong>magis</strong></span> <span class='ocrx_word' id='word_1_59' title='bbox 1017 696 1060 731; x_wconf 90' lang='lat' dir='ltr'><strong>et</strong></span> <span class='ocrx_word' id='word_1_60' title='bbox 1087 689 1295 745; x_wconf 87' lang='lat' dir='ltr'><strong>propitio,</strong></span> <span class='ocrx_word' id='word_1_61' title='bbox 1333 689 1454 744; x_wconf 83' lang='lat' dir='ltr'><strong>quasi</strong></span> <span class='ocrx_word' id='word_1_62' title='bbox 1481 688 1688 743; x_wconf 86' lang='lat' dir='ltr'><strong>imparem</strong></span> <span class='ocrx_word' id='word_1_63' title='bbox 1707 687 1747 729; x_wconf 92' lang='lat' dir='ltr'><strong>ei</strong></span> 
     </span>
     <span class='ocr_line' id='line_1_13' title="bbox 213 751 1666 804; baseline -0.005 0"><span class='ocrx_word' id='word_1_64' title='bbox 213 776 258 804; x_wconf 89' lang='lat' dir='ltr'><strong>se</strong></span> <span class='ocrx_word' id='word_1_65' title='bbox 278 762 495 802; x_wconf 79' lang='lat' dir='ltr'><strong>fateretur.</strong></span> <span class='ocrx_word' id='word_1_66' title='bbox 672 757 676 762; x_wconf 66' lang='grc'><strong>“</strong></span> <span class='ocrx_word' id='word_1_67' title='bbox 1652 751 1666 754; x_wconf 65' lang='grc'><em>’</em></span> 
     </span>
     <span class='ocr_line' id='line_1_14' title="bbox 327 827 1747 885; baseline -0.004 -12"><span class='ocrx_word' id='word_1_68' title='bbox 327 831 413 873; x_wconf 86' lang='lat' dir='ltr'><strong>Sed</strong></span> <span class='ocrx_word' id='word_1_69' title='bbox 441 830 630 871; x_wconf 85' lang='lat' dir='ltr'><strong>maxima</strong></span> <span class='ocrx_word' id='word_1_70' title='bbox 656 830 849 872; x_wconf 89' lang='lat' dir='ltr'><strong>omnium</strong></span> <span class='ocrx_word' id='word_1_71' title='bbox 878 831 1110 885; x_wconf 89' lang='lat' dir='ltr'><strong>eademque</strong></span> <span class='ocrx_word' id='word_1_72' title='bbox 1136 829 1373 871; x_wconf 89' lang='lat' dir='ltr'><strong>nouissima</strong></span> <span class='ocrx_word' id='word_1_73' title='bbox 1399 827 1636 870; x_wconf 88' lang='lat' dir='ltr'><strong>coniuratio</strong></span> <span class='ocrx_word' id='word_1_74' title='bbox 1662 827 1747 868; x_wconf 88' lang='lat' dir='ltr'><strong>fuit</strong></span> 
     </span>
     <span class='ocr_line' id='line_1_15' title="bbox 212 899 1746 956; baseline -0.003 -13"><span class='ocrx_word' id='word_1_75' title='bbox 212 901 453 943; x_wconf 90' lang='lat' dir='ltr'><strong>Galliarum</strong></span> <span class='ocrx_word' id='word_1_76' title='bbox 481 901 741 942; x_wconf 87' lang='lat' dir='ltr'><strong>communis:</strong></span> <span class='ocrx_word' id='word_1_77' title='bbox 773 901 932 956; x_wconf 86' lang='lat' dir='ltr'><strong>pariter</strong></span> <span class='ocrx_word' id='word_1_78' title='bbox 958 901 1174 942; x_wconf 86' lang='lat' dir='ltr'><strong>Aruernos</strong></span> <span class='ocrx_word' id='word_1_79' title='bbox 1203 906 1328 955; x_wconf 88' lang='lat' dir='ltr'><strong>atque</strong></span> <span class='ocrx_word' id='word_1_80' title='bbox 1357 899 1599 954; x_wconf 83' lang='lat' dir='ltr'>Biturigas,</span> <span class='ocrx_word' id='word_1_81' title='bbox 1644 899 1746 940; x_wconf 88' lang='lat' dir='ltr'><strong>Car-</strong></span> 
     </span>
     <span class='ocr_line' id='line_1_16' title="bbox 214 968 1747 1025; baseline -0.002 -13"><span class='ocrx_word' id='word_1_82' title='bbox 214 978 340 1012; x_wconf 89' lang='lat' dir='ltr'><strong>nutas</strong></span> <span class='ocrx_word' id='word_1_83' title='bbox 362 971 490 1012; x_wconf 90' lang='lat' dir='ltr'><strong>simul</strong></span> <span class='ocrx_word' id='word_1_84' title='bbox 510 971 813 1025; x_wconf 84' lang='lat' dir='ltr'><strong>Sequanosque</strong></span> <span class='ocrx_word' id='word_1_85' title='bbox 833 970 1059 1012; x_wconf 85' lang='lat' dir='ltr'><strong>contraxit.</strong></span> <span class='ocrx_word' id='word_1_86' title='bbox 1091 970 1163 1011; x_wconf 93' lang='grc'><strong>1110</strong></span> <span class='ocrx_word' id='word_1_87' title='bbox 1182 984 1353 1024; x_wconf 89' lang='lat' dir='ltr'><strong>corpore</strong></span> <span class='ocrx_word' id='word_1_88' title='bbox 1370 969 1496 1010; x_wconf 75' lang='lat' dir='ltr'><strong>amiis</strong></span> <span class='ocrx_word' id='word_1_89' title='bbox 1513 968 1747 1023; x_wconf 79' lang='lat' dir='ltr'><strong>spirituque</strong></span> 
     </span>
     <span class='ocr_line' id='line_1_17' title="bbox 215 1030 1747 1094; baseline -0.003 -12"><span class='ocrx_word' id='word_1_90' title='bbox 215 1040 430 1090; x_wconf 87' lang='lat' dir='ltr'><strong>terribilis,</strong></span> <span class='ocrx_word' id='word_1_91' title='bbox 452 1030 627 1082; x_wconf 87' lang='lat' dir='ltr'><strong>nomine</strong></span> <span class='ocrx_word' id='word_1_92' title='bbox 648 1041 779 1082; x_wconf 87' lang='lat' dir='ltr'><strong>etiam</strong></span> <span class='ocrx_word' id='word_1_93' title='bbox 799 1041 995 1094; x_wconf 78' lang='lat' dir='ltr'><strong>quasi-ad</strong></span> <span class='ocrx_word' id='word_1_94' title='bbox 1014 1047 1216 1081; x_wconf 87' lang='lat' dir='ltr'><strong>terrorem</strong></span> <span class='ocrx_word' id='word_1_95' title='bbox 1237 1039 1482 1094; x_wconf 90' lang='lat' dir='ltr'><strong>conposito,</strong></span> <span class='ocrx_word' id='word_1_96' title='bbox 1515 1037 1747 1092; x_wconf 87' lang='lat' dir='ltr'><strong>Vercinge-</strong></span> 
     </span>
     <span class='ocr_line' id='line_1_18' title="bbox 213 1107 1747 1163; baseline -0.003 -12"><span class='ocrx_word' id='word_1_97' title='bbox 213 1111 326 1152; x_wconf 85' lang='lat' dir='ltr'><strong>torix</strong></span> <span class='ocrx_word' id='word_1_98' title='bbox 344 1110 418 1151; x_wconf 90' lang='lat' dir='ltr'><strong>ille</strong></span> <span class='ocrx_word' id='word_1_99' title='bbox 437 1109 558 1151; x_wconf 87' lang='lat' dir='ltr'><strong>festis</strong></span> <span class='ocrx_word' id='word_1_100' title='bbox 586 1109 734 1151; x_wconf 91' lang='lat' dir='ltr'><strong>diebus</strong></span> <span class='ocrx_word' id='word_1_101' title='bbox 766 1117 809 1151; x_wconf 89' lang='lat' dir='ltr'><strong>et</strong></span> <span class='ocrx_word' id='word_1_102' title='bbox 836 1109 1154 1158; x_wconf 87' lang='lat' dir='ltr'><strong>conciliabulis,</strong></span> <span class='ocrx_word' id='word_1_103' title='bbox 1184 1123 1283 1150; x_wconf 91' lang='lat' dir='ltr'><strong>cum</strong></span> <span class='ocrx_word' id='word_1_104' title='bbox 1309 1108 1672 1163; x_wconf 86' lang='lat' dir='ltr'><strong>frequentissimos</strong></span> <span class='ocrx_word' id='word_1_105' title='bbox 1698 1107 1747 1147; x_wconf 91' lang='lat' dir='ltr'><strong>in</strong></span> 
     </span>
     <span class='ocr_line' id='line_1_19' title="bbox 212 1177 1743 1234; baseline -0.003 -12"><span class='ocrx_word' id='word_1_106' title='bbox 212 1180 320 1222; x_wconf 88' lang='lat' dir='ltr'><strong>lucis</strong></span> <span class='ocrx_word' id='word_1_107' title='bbox 340 1180 540 1230; x_wconf 87' lang='lat' dir='ltr'><strong>haberet,</strong></span> <span class='ocrx_word' id='word_1_108' title='bbox 573 1180 782 1222; x_wconf 87' lang='lat' dir='ltr'><strong>ferocibus</strong></span> <span class='ocrx_word' id='word_1_109' title='bbox 802 1180 927 1221; x_wconf 87' lang='lat' dir='ltr'><strong>dictis</strong></span> <span class='ocrx_word' id='word_1_110' title='bbox 948 1181 1003 1220; x_wconf 91' lang='lat' dir='ltr'><strong>ad</strong></span> <span class='ocrx_word' id='word_1_111' title='bbox 1029 1179 1096 1220; x_wconf 90' lang='lat' dir='ltr'><strong>ius</strong></span> <span class='ocrx_word' id='word_1_112' title='bbox 1115 1178 1346 1234; x_wconf 87' lang='lat' dir='ltr'><strong>pristinum</strong></span> <span class='ocrx_word' id='word_1_113' title='bbox 1363 1178 1571 1220; x_wconf 88' lang='lat' dir='ltr'><strong>libertatis</strong></span> <span class='ocrx_word' id='word_1_114' title='bbox 1592 1177 1743 1219; x_wconf 83' lang='lat' dir='ltr'><strong>erexit.</strong></span> 
     </span>
     <span class='ocr_line' id='line_1_20' title="bbox 213 1248 1746 1304; baseline -0.004 -11"><span class='ocrx_word' id='word_1_115' title='bbox 213 1252 359 1292; x_wconf 85' lang='lat' dir='ltr'><strong>aberat</strong></span> <span class='ocrx_word' id='word_1_116' title='bbox 378 1258 481 1293; x_wconf 92' lang='lat' dir='ltr'><strong>tunc</strong></span> <span class='ocrx_word' id='word_1_117' title='bbox 501 1252 658 1293; x_wconf 83' lang='lat' dir='ltr'><strong>Caesar</strong></span> <span class='ocrx_word' id='word_1_118' title='bbox 675 1252 913 1292; x_wconf 88' lang='lat' dir='ltr'><strong>Rauennae</strong></span> <span class='ocrx_word' id='word_1_119' title='bbox 941 1249 1146 1290; x_wconf 90' lang='lat' dir='ltr'><strong>dilectum</strong></span> <span class='ocrx_word' id='word_1_120' title='bbox 1174 1263 1327 1304; x_wconf 88' lang='lat' dir='ltr'><strong>agens,</strong></span> <span class='ocrx_word' id='word_1_121' title='bbox 1363 1255 1406 1289; x_wconf 89' lang='lat' dir='ltr'><strong>et</strong></span> <span class='ocrx_word' id='word_1_122' title='bbox 1434 1248 1575 1289; x_wconf 89' lang='lat' dir='ltr'><strong>hieme</strong></span> <span class='ocrx_word' id='word_1_123' title='bbox 1605 1261 1746 1288; x_wconf 88' lang='lat' dir='ltr'><strong>creue-</strong></span> 
     </span>
     <span class='ocr_line' id='line_1_21' title="bbox 213 1317 1747 1376; baseline -0.003 -14"><span class='ocrx_word' id='word_1_124' title='bbox 213 1328 311 1362; x_wconf 89' lang='lat' dir='ltr'><strong>rant</strong></span> <span class='ocrx_word' id='word_1_125' title='bbox 339 1322 494 1376; x_wconf 87' lang='lat' dir='ltr'><strong>Alpes:</strong></span> <span class='ocrx_word' id='word_1_126' title='bbox 529 1320 589 1362; x_wconf 86' lang='lat' dir='ltr'><strong>sic</strong></span> <span class='ocrx_word' id='word_1_127' title='bbox 618 1320 900 1362; x_wconf 88' lang='lat' dir='ltr'><strong>interclusum</strong></span> <span class='ocrx_word' id='word_1_128' title='bbox 926 1319 1138 1374; x_wconf 86' lang='lat' dir='ltr'><strong>putabant</strong></span> <span class='ocrx_word' id='word_1_129' title='bbox 1166 1318 1261 1359; x_wconf 90' lang='lat' dir='ltr'><strong>iter.</strong></span> <span class='ocrx_word' id='word_1_130' title='bbox 1295 1320 1370 1360; x_wconf 86' lang='lat' dir='ltr'><strong>sed</strong></span> <span class='ocrx_word' id='word_1_131' title='bbox 1395 1318 1469 1360; x_wconf 93' lang='lat' dir='ltr'><strong>ille</strong></span> <span class='ocrx_word' id='word_1_132' title='bbox 1499 1317 1636 1372; x_wconf 87' lang='lat' dir='ltr'><strong>qualis</strong></span> <span class='ocrx_word' id='word_1_133' title='bbox 1658 1323 1747 1357; x_wconf 86' lang='lat' dir='ltr'><strong>erat</strong></span> 
     </span>
     <span class='ocr_line' id='line_1_22' title="bbox 213 1388 1747 1442; baseline -0.002 -11"><span class='ocrx_word' id='word_1_134' title='bbox 213 1392 268 1432; x_wconf 90' lang='lat' dir='ltr'><strong>ad</strong></span> <span class='ocrx_word' id='word_1_135' title='bbox 287 1391 492 1432; x_wconf 87' lang='lat' dir='ltr'><strong>nuntium</strong></span> <span class='ocrx_word' id='word_1_136' title='bbox 511 1390 572 1431; x_wconf 91' lang='lat' dir='ltr'><strong>rei</strong></span> <span class='ocrx_word' id='word_1_137' title='bbox 591 1389 861 1431; x_wconf 77' lang='lat' dir='ltr'><strong>felicissimae</strong></span> <span class='ocrx_word' id='word_1_138' title='bbox 881 1388 1132 1431; x_wconf 87' lang='lat' dir='ltr'><strong>temeritatis</strong></span> <span class='ocrx_word' id='word_1_139' title='bbox 1159 1402 1236 1442; x_wconf 90' lang='lat' dir='ltr'><strong>per</strong></span> <span class='ocrx_word' id='word_1_140' title='bbox 1262 1388 1404 1429; x_wconf 85' lang='lat' dir='ltr'><strong>inuios</strong></span> <span class='ocrx_word' id='word_1_141' title='bbox 1432 1389 1487 1429; x_wconf 88' lang='lat' dir='ltr'><strong>ad</strong></span> <span class='ocrx_word' id='word_1_142' title='bbox 1511 1388 1558 1429; x_wconf 91' lang='lat' dir='ltr'><strong>id</strong></span> <span class='ocrx_word' id='word_1_143' title='bbox 1577 1394 1747 1441; x_wconf 90' lang='lat' dir='ltr'><strong>tempus</strong></span> 
     </span>
     <span class='ocr_line' id='line_1_23' title="bbox 212 1457 1749 1514; baseline -0.003 -13"><span class='ocrx_word' id='word_1_144' title='bbox 212 1460 426 1501; x_wconf 92' lang='lat' dir='ltr'><strong>montium</strong></span> <span class='ocrx_word' id='word_1_145' title='bbox 446 1460 659 1510; x_wconf 85' lang='lat' dir='ltr'><strong>tumulos,</strong></span> <span class='ocrx_word' id='word_1_146' title='bbox 695 1474 772 1514; x_wconf 90' lang='lat' dir='ltr'><strong>per</strong></span> <span class='ocrx_word' id='word_1_147' title='bbox 799 1459 982 1500; x_wconf 76' lang='lat' dir='ltr'><strong>intactas</strong></span> <span class='ocrx_word' id='word_1_148' title='bbox 1010 1458 1104 1499; x_wconf 85' lang='lat' dir='ltr'><strong>uias</strong></span> <span class='ocrx_word' id='word_1_149' title='bbox 1133 1465 1175 1498; x_wconf 88' lang='lat' dir='ltr'><strong>et</strong></span> <span class='ocrx_word' id='word_1_150' title='bbox 1203 1458 1326 1499; x_wconf 90' lang='lat' dir='ltr'><strong>niues</strong></span> <span class='ocrx_word' id='word_1_151' title='bbox 1339 1490 1352 1508; x_wconf 91' lang='lat'>,</span> <span class='ocrx_word' id='word_1_152' title='bbox 1390 1457 1589 1512; x_wconf 83' lang='lat' dir='ltr'><strong>expedita</strong></span> <span class='ocrx_word' id='word_1_153' title='bbox 1614 1471 1749 1497; x_wconf 91' lang='lat' dir='ltr'><strong>manu</strong></span> 
     </span>
     <span class='ocr_line' id='line_1_24' title="bbox 214 1526 1751 1579; baseline -0.003 -7"><span class='ocrx_word' id='word_1_154' title='bbox 214 1545 411 1572; x_wconf 90' lang='lat' dir='ltr'><strong>emensus</strong></span> <span class='ocrx_word' id='word_1_155' title='bbox 432 1530 637 1579; x_wconf 85' lang='lat' dir='ltr'><strong>Galliam,</strong></span> <span class='ocrx_word' id='word_1_156' title='bbox 659 1536 703 1570; x_wconf 89' lang='lat' dir='ltr'><strong>et</strong></span> <span class='ocrx_word' id='word_1_157' title='bbox 722 1544 777 1570; x_wconf 84' lang='lat' dir='ltr'><strong>ex</strong></span> <span class='ocrx_word' id='word_1_158' title='bbox 797 1528 1055 1570; x_wconf 80' lang='lat' dir='ltr'><strong>distantibus</strong></span> <span class='ocrx_word' id='word_1_159' title='bbox 1075 1527 1264 1569; x_wconf 88' lang='lat' dir='ltr'><strong>hibernis</strong></span> <span class='ocrx_word' id='word_1_160' title='bbox 1285 1534 1423 1569; x_wconf 90' lang='lat' dir='ltr'><strong>castra</strong></span> <span class='ocrx_word' id='word_1_161' title='bbox 1443 1526 1656 1568; x_wconf 85' lang='lat' dir='ltr'><strong>contraxit</strong></span> <span class='ocrx_word' id='word_1_162' title='bbox 1670 1558 1682 1576; x_wconf 95' lang='lat'>,</span> <span class='ocrx_word' id='word_1_163' title='bbox 1705 1533 1751 1567; x_wconf 87' lang='lat' dir='ltr'><strong>et</strong></span> 
     </span>
     <span class='ocr_line' id='line_1_25' title="bbox 213 1595 1750 1654; baseline -0.003 -13"><span class='ocrx_word' id='word_1_164' title='bbox 213 1608 312 1641; x_wconf 91' lang='lat' dir='ltr'><strong>ante</strong></span> <span class='ocrx_word' id='word_1_165' title='bbox 333 1600 380 1640; x_wconf 92' lang='lat' dir='ltr'><strong>in</strong></span> <span class='ocrx_word' id='word_1_166' title='bbox 399 1600 540 1640; x_wconf 85' lang='lat' dir='ltr'><strong>media</strong></span> <span class='ocrx_word' id='word_1_167' title='bbox 559 1599 704 1641; x_wconf 85' lang='lat' dir='ltr'><strong>Gallia</strong></span> <span class='ocrx_word' id='word_1_168' title='bbox 723 1599 829 1649; x_wconf 85' lang='lat' dir='ltr'><strong>fuit,</strong></span> <span class='ocrx_word' id='word_1_169' title='bbox 862 1612 991 1654; x_wconf 87' lang='lat' dir='ltr'><strong>quam</strong></span> <span class='ocrx_word' id='word_1_170' title='bbox 1020 1599 1073 1639; x_wconf 88' lang='lat' dir='ltr'><strong>ab</strong></span> <span class='ocrx_word' id='word_1_171' title='bbox 1093 1598 1246 1639; x_wconf 89' lang='lat' dir='ltr'><strong>ultima</strong></span> <span class='ocrx_word' id='word_1_172' title='bbox 1272 1597 1508 1638; x_wconf 82' lang='lat' dir='ltr'><strong>timeretur.</strong></span> <span class='ocrx_word' id='word_1_173' title='bbox 1542 1604 1636 1637; x_wconf 88' lang='lat' dir='ltr'><strong>tum</strong></span> <span class='ocrx_word' id='word_1_174' title='bbox 1654 1595 1750 1650; x_wconf 89' lang='lat' dir='ltr'><strong>ipsa</strong></span> 
     </span>
     <span class='ocr_line' id='line_1_26' title="bbox 213 1667 1748 1724; baseline -0.003 -13"><span class='ocrx_word' id='word_1_175' title='bbox 213 1669 354 1724; x_wconf 87' lang='lat' dir='ltr'><strong>capita</strong></span> <span class='ocrx_word' id='word_1_176' title='bbox 372 1669 476 1711; x_wconf 87' lang='lat' dir='ltr'><strong>belli</strong></span> <span class='ocrx_word' id='word_1_177' title='bbox 496 1671 721 1724; x_wconf 88' lang='lat' dir='ltr'><strong>adgressus</strong></span> <span class='ocrx_word' id='word_1_178' title='bbox 742 1670 883 1719; x_wconf 91' lang='lat' dir='ltr'><strong>urbes,</strong></span> <span class='ocrx_word' id='word_1_179' title='bbox 905 1668 1141 1710; x_wconf 85' lang='lat' dir='ltr'><strong>Auaricum</strong></span> <span class='ocrx_word' id='word_1_180' title='bbox 1162 1667 1445 1722; x_wconf 84' lang='lat' dir='ltr'><strong>quadraginta</strong></span> <span class='ocrx_word' id='word_1_181' title='bbox 1462 1667 1633 1707; x_wconf 89' lang='lat' dir='ltr'><strong>milium</strong></span> <span class='ocrx_word' id='word_1_182' title='bbox 1652 1681 1748 1720; x_wconf 92' lang='lat' dir='ltr'><strong>pro-</strong></span> 
     </span>
     <span class='ocr_line' id='line_1_27' title="bbox 211 1737 1751 1795; baseline -0.002 -14"><span class='ocrx_word' id='word_1_183' title='bbox 211 1740 500 1795; x_wconf 86' lang='lat' dir='ltr'><strong>pugnantium</strong></span> <span class='ocrx_word' id='word_1_184' title='bbox 520 1739 711 1788; x_wconf 86' lang='lat' dir='ltr'><strong>sustulit,</strong></span> <span class='ocrx_word' id='word_1_185' title='bbox 734 1738 926 1780; x_wconf 85' lang='lat' dir='ltr'><strong>Alesiam</strong></span> <span class='ocrx_word' id='word_1_186' title='bbox 946 1740 1228 1780; x_wconf 88' lang='lat' dir='ltr'><strong>ducentorum</strong></span> <span class='ocrx_word' id='word_1_187' title='bbox 1248 1737 1561 1792; x_wconf 82' lang='lat' dir='ltr'><strong>quinquaginta</strong></span> <span class='ocrx_word' id='word_1_188' title='bbox 1579 1737 1751 1779; x_wconf 74' lang='lat' dir='ltr'><strong>milium</strong></span> 
     </span>
     <span class='ocr_line' id='line_1_28' title="bbox 212 1807 1749 1863; baseline -0.002 -13"><span class='ocrx_word' id='word_1_189' title='bbox 212 1810 439 1850; x_wconf 89' lang='lat' dir='ltr'><strong>iuuentute</strong></span> <span class='ocrx_word' id='word_1_190' title='bbox 459 1809 688 1850; x_wconf 83' lang='lat' dir='ltr'><strong>subnixam</strong></span> <span class='ocrx_word' id='word_1_191' title='bbox 714 1808 899 1849; x_wconf 85' lang='lat' dir='ltr'><strong>flammis</strong></span> <span class='ocrx_word' id='word_1_192' title='bbox 930 1807 1199 1863; x_wconf 87' lang='lat' dir='ltr'><strong>adaequauit.</strong></span> <span class='ocrx_word' id='word_1_193' title='bbox 1240 1807 1351 1848; x_wconf 88' lang='lat' dir='ltr'><strong>circa</strong></span> <span class='ocrx_word' id='word_1_194' title='bbox 1379 1807 1642 1862; x_wconf 87' lang='lat' dir='ltr'><strong>Gergouiam</strong></span> <span class='ocrx_word' id='word_1_195' title='bbox 1669 1807 1749 1847; x_wconf 84' lang='lat' dir='ltr'><strong>Ar-</strong></span> 
     </span>
     <span class='ocr_line' id='line_1_29' title="bbox 214 1876 1751 1932; baseline -0.002 -12"><span class='ocrx_word' id='word_1_196' title='bbox 214 1893 446 1920; x_wconf 90' lang='lat' dir='ltr'><strong>uernorum</strong></span> <span class='ocrx_word' id='word_1_197' title='bbox 479 1885 572 1919; x_wconf 88' lang='lat' dir='ltr'><strong>tota</strong></span> <span class='ocrx_word' id='word_1_198' title='bbox 607 1878 711 1919; x_wconf 87' lang='lat' dir='ltr'><strong>belli</strong></span> <span class='ocrx_word' id='word_1_199' title='bbox 744 1879 878 1919; x_wconf 91' lang='lat' dir='ltr'><strong>moles</strong></span> <span class='ocrx_word' id='word_1_200' title='bbox 913 1878 1011 1919; x_wconf 84' lang='lat' dir='ltr'><strong>fuit.</strong></span> <span class='ocrx_word' id='word_1_201' title='bbox 1059 1877 1217 1932; x_wconf 90' lang='lat' dir='ltr'><strong>quippe</strong></span> <span class='ocrx_word' id='word_1_202' title='bbox 1243 1892 1344 1919; x_wconf 91' lang='lat' dir='ltr'><strong>cum</strong></span> <span class='ocrx_word' id='word_1_203' title='bbox 1378 1877 1598 1932; x_wconf 88' lang='lat' dir='ltr'><strong>octoginta</strong></span> <span class='ocrx_word' id='word_1_204' title='bbox 1630 1876 1751 1917; x_wconf 89' lang='lat' dir='ltr'><strong>milia</strong></span> 
     </span>
     <span class='ocr_line' id='line_1_30' title="bbox 213 1947 1751 2003; baseline -0.002 -13"><span class='ocrx_word' id='word_1_205' title='bbox 213 1963 336 1990; x_wconf 91' lang='lat' dir='ltr'><strong>muro</strong></span> <span class='ocrx_word' id='word_1_206' title='bbox 357 1955 400 1990; x_wconf 89' lang='lat' dir='ltr'><strong>et</strong></span> <span class='ocrx_word' id='word_1_207' title='bbox 419 1963 514 1989; x_wconf 89' lang='lat' dir='ltr'><strong>arce</strong></span> <span class='ocrx_word' id='word_1_208' title='bbox 535 1955 578 1989; x_wconf 91' lang='lat' dir='ltr'><strong>et</strong></span> <span class='ocrx_word' id='word_1_209' title='bbox 598 1948 790 2003; x_wconf 89' lang='lat' dir='ltr'><strong>abruptis</strong></span> <span class='ocrx_word' id='word_1_210' title='bbox 810 1947 914 2003; x_wconf 89' lang='lat' dir='ltr'><strong>ripis</strong></span> <span class='ocrx_word' id='word_1_211' title='bbox 935 1948 1210 1989; x_wconf 86' lang='lat' dir='ltr'><strong>defenderent</strong></span> <span class='ocrx_word' id='word_1_212' title='bbox 1222 1979 1235 1998; x_wconf 92' lang='lat'>,</span> <span class='ocrx_word' id='word_1_213' title='bbox 1267 1948 1502 1989; x_wconf 86' lang='lat' dir='ltr'><strong>maximam</strong></span> <span class='ocrx_word' id='word_1_214' title='bbox 1529 1947 1751 1988; x_wconf 84' lang='lat' dir='ltr'><strong>ciuitatem</strong></span> 
     </span>
     <span class='ocr_line' id='line_1_31' title="bbox 213 2018 1752 2072; baseline -0.001 -13"><span class='ocrx_word' id='word_1_215' title='bbox 213 2019 331 2060; x_wconf 91' lang='lat' dir='ltr'><strong>uallo</strong></span> <span class='ocrx_word' id='word_1_216' title='bbox 350 2018 528 2059; x_wconf 86' lang='lat' dir='ltr'><strong>sudibus</strong></span> <span class='ocrx_word' id='word_1_217' title='bbox 549 2025 592 2059; x_wconf 89' lang='lat' dir='ltr'><strong>et</strong></span> <span class='ocrx_word' id='word_1_218' title='bbox 611 2019 725 2060; x_wconf 89' lang='lat' dir='ltr'><strong>fossa</strong></span> <span class='ocrx_word' id='word_1_219' title='bbox 742 2019 1003 2072; x_wconf 88' lang='lat' dir='ltr'><strong>inductoque</strong></span> <span class='ocrx_word' id='word_1_220' title='bbox 1022 2018 1158 2059; x_wconf 83' lang='lat' dir='ltr'><strong>fossae</strong></span> <span class='ocrx_word' id='word_1_221' title='bbox 1187 2018 1388 2068; x_wconf 85' lang='lat' dir='ltr'><strong>flumine,</strong></span> <span class='ocrx_word' id='word_1_222' title='bbox 1419 2019 1474 2059; x_wconf 88' lang='lat' dir='ltr'><strong>ad</strong></span> <span class='ocrx_word' id='word_1_223' title='bbox 1503 2018 1584 2058; x_wconf 90' lang='lat' dir='ltr'><strong>hoc</strong></span> <span class='ocrx_word' id='word_1_224' title='bbox 1605 2018 1752 2058; x_wconf 92' lang='lat' dir='ltr'><strong>decem</strong></span> 
     </span>
     <span class='ocr_line' id='line_1_32' title="bbox 214 2087 1753 2143; baseline -0.003 -13"><span class='ocrx_word' id='word_1_225' title='bbox 214 2095 257 2130; x_wconf 88' lang='lat' dir='ltr'><strong>et</strong></span> <span class='ocrx_word' id='word_1_226' title='bbox 284 2095 379 2130; x_wconf 84' lang='lat' dir='ltr'><strong>octo</strong></span> <span class='ocrx_word' id='word_1_227' title='bbox 410 2088 595 2130; x_wconf 81' lang='lat' dir='ltr'><strong>castellis</strong></span> <span class='ocrx_word' id='word_1_228' title='bbox 622 2088 872 2143; x_wconf 88' lang='lat' dir='ltr'><strong>ingentique</strong></span> <span class='ocrx_word' id='word_1_229' title='bbox 906 2088 1038 2129; x_wconf 78' lang='lat' dir='ltr'><strong>lorica</strong></span> <span class='ocrx_word' id='word_1_230' title='bbox 1071 2088 1377 2129; x_wconf 87' lang='lat' dir='ltr'><strong>circumdatam</strong></span> <span class='ocrx_word' id='word_1_231' title='bbox 1419 2087 1607 2142; x_wconf 91' lang='lat' dir='ltr'><strong>primum</strong></span> <span class='ocrx_word' id='word_1_232' title='bbox 1640 2087 1753 2126; x_wconf 89' lang='lat' dir='ltr'><strong>fame</strong></span> 
     </span>
     <span class='ocr_line' id='line_1_33' title="bbox 215 2156 1752 2213; baseline -0.003 -14"><span class='ocrx_word' id='word_1_233' title='bbox 215 2158 404 2207; x_wconf 83' lang='lat' dir='ltr'><strong>domuit3</strong></span> <span class='ocrx_word' id='word_1_234' title='bbox 436 2172 540 2199; x_wconf 82' lang='lat' dir='ltr'><strong>mox</strong></span> <span class='ocrx_word' id='word_1_235' title='bbox 568 2159 798 2200; x_wconf 89' lang='lat' dir='ltr'><strong>audentem</strong></span> <span class='ocrx_word' id='word_1_236' title='bbox 824 2157 1067 2213; x_wconf 84' lang='lat' dir='ltr'><strong>eruptiones</strong></span> <span class='ocrx_word' id='word_1_237' title='bbox 1094 2157 1141 2198; x_wconf 91' lang='lat' dir='ltr'><strong>in</strong></span> <span class='ocrx_word' id='word_1_238' title='bbox 1161 2158 1277 2198; x_wconf 88' lang='lat' dir='ltr'><strong>uallo</strong></span> <span class='ocrx_word' id='word_1_239' title='bbox 1307 2157 1462 2211; x_wconf 88' lang='lat' dir='ltr'><strong>gladiis</strong></span> <span class='ocrx_word' id='word_1_240' title='bbox 1490 2156 1752 2209; x_wconf 88' lang='lat' dir='ltr'><strong>sudibusque</strong></span> 
     </span>
     <span class='ocr_line' id='line_1_34' title="bbox 218 2225 1752 2280; baseline -0.001 -13"><span class='ocrx_word' id='word_1_241' title='bbox 218 2227 403 2268; x_wconf 87' lang='lat' dir='ltr'><strong>concidit</strong></span> <span class='ocrx_word' id='word_1_242' title='bbox 415 2243 427 2276; x_wconf 80' lang='lat'>3</span> <span class='ocrx_word' id='word_1_243' title='bbox 460 2227 694 2269; x_wconf 87' lang='lat' dir='ltr'><strong>nouissime</strong></span> <span class='ocrx_word' id='word_1_244' title='bbox 714 2228 761 2268; x_wconf 92' lang='lat' dir='ltr'><strong>in</strong></span> <span class='ocrx_word' id='word_1_245' title='bbox 781 2227 1043 2269; x_wconf 90' lang='lat' dir='ltr'><strong>deditionem</strong></span> <span class='ocrx_word' id='word_1_246' title='bbox 1063 2227 1241 2280; x_wconf 87' lang='lat' dir='ltr'><strong>redegit.</strong></span> <span class='ocrx_word' id='word_1_247' title='bbox 1275 2226 1366 2280; x_wconf 92' lang='lat' dir='ltr'><strong>ipse</strong></span> <span class='ocrx_word' id='word_1_248' title='bbox 1387 2226 1460 2267; x_wconf 91' lang='lat' dir='ltr'><strong>ille</strong></span> <span class='ocrx_word' id='word_1_249' title='bbox 1487 2241 1585 2276; x_wconf 87' lang='lat' dir='ltr'><strong>rex,</strong></span> <span class='ocrx_word' id='word_1_250' title='bbox 1617 2225 1752 2266; x_wconf 80' lang='lat' dir='ltr'><strong>maxi-</strong></span> 
     </span>
    </p>
   </div>
   <div class='ocr_carea' id='block_1_9' title="bbox 219 2418 1759 2972">
    <p class='ocr_par' dir='ltr' id='par_1_9' title="bbox 219 2418 1758 2691">
     <span class='ocr_line' id='line_1_35' title="bbox 223 2418 1758 2466; baseline 0.003 -15"><span class='ocrx_word' id='word_1_251' title='bbox 223 2419 235 2451; x_wconf 90' lang='lat'><strong>1</strong></span> <span class='ocrx_word' id='word_1_252' title='bbox 257 2418 410 2452; x_wconf 83' lang='lat' dir='ltr'><strong>reuersis</strong></span> <span class='ocrx_word' id='word_1_253' title='bbox 424 2426 451 2452; x_wconf 87' lang='lat' dir='ltr'><em>B</em></span> <span class='ocrx_word' id='word_1_254' title='bbox 467 2418 479 2464; x_wconf 76' lang='grc' dir='ltr'><strong>ΙΙ</strong></span> <span class='ocrx_word' id='word_1_255' title='bbox 497 2421 517 2453; x_wconf 88' lang='grc'><strong>2</strong></span> <span class='ocrx_word' id='word_1_256' title='bbox 533 2419 738 2455; x_wconf 85' lang='lat' dir='ltr'><strong>brittannus</strong></span> <span class='ocrx_word' id='word_1_257' title='bbox 756 2421 788 2463; x_wconf 80' lang='lat' dir='ltr'><strong>b,</strong></span> <span class='ocrx_word' id='word_1_258' title='bbox 807 2420 1010 2456; x_wconf 86' lang='lat' dir='ltr'><strong>brittannos</strong></span> <span class='ocrx_word' id='word_1_259' title='bbox 1025 2428 1085 2455; x_wconf 90' lang='grc' dir='ltr'><em>ΒΝ</em></span> <span class='ocrx_word' id='word_1_260' title='bbox 1099 2420 1110 2466; x_wconf 90' lang='grc' dir='ltr'><strong>ΙΙ</strong></span> <span class='ocrx_word' id='word_1_261' title='bbox 1129 2422 1148 2454; x_wconf 91' lang='grc'>3</span> <span class='ocrx_word' id='word_1_262' title='bbox 1166 2419 1361 2454; x_wconf 83' lang='lat' dir='ltr'><strong>calidonias</strong></span> <span class='ocrx_word' id='word_1_263' title='bbox 1375 2427 1410 2454; x_wconf 95' lang='lat' dir='ltr'><em>N</em></span> <span class='ocrx_word' id='word_1_264' title='bbox 1423 2419 1434 2465; x_wconf 76' lang='lat' dir='ltr'>ss</span> <span class='ocrx_word' id='word_1_265' title='bbox 1452 2423 1489 2454; x_wconf 88' lang='lat' dir='ltr'><strong>et</strong></span> <span class='ocrx_word' id='word_1_266' title='bbox 1503 2428 1540 2462; x_wconf 85' lang='lat' dir='ltr'><strong>B,</strong></span> <span class='ocrx_word' id='word_1_267' title='bbox 1560 2432 1580 2455; x_wconf 90' lang='lat' dir='ltr'><strong>e</strong></span> <span class='ocrx_word' id='word_1_268' title='bbox 1595 2429 1628 2455; x_wconf 99' lang='lat' dir='ltr'><em>N</em></span> <span class='ocrx_word' id='word_1_269' title='bbox 1642 2421 1654 2466; x_wconf 80' lang='lat'><strong>11</strong></span> <span class='ocrx_word' id='word_1_270' title='bbox 1673 2421 1758 2455; x_wconf 85' lang='lat' dir='ltr'><strong>Cas·</strong></span> 
     </span>
     <span class='ocr_line' id='line_1_36' title="bbox 221 2474 1757 2523; baseline 0.002 -15"><span class='ocrx_word' id='word_1_271' title='bbox 221 2474 374 2509; x_wconf 88' lang='lat' dir='ltr'><strong>siuelani</strong></span> <span class='ocrx_word' id='word_1_272' title='bbox 397 2475 685 2511; x_wconf 67' lang='lat' dir='ltr'><strong>Freinshemius:</strong></span> <span class='ocrx_word' id='word_1_273' title='bbox 719 2477 874 2512; x_wconf 84' lang='lat' dir='ltr'><strong>casuella</strong></span> <span class='ocrx_word' id='word_1_274' title='bbox 904 2485 930 2512; x_wconf 84' lang='lat' dir='ltr'><em>B</em></span> <span class='ocrx_word' id='word_1_275' title='bbox 942 2503 951 2519; x_wconf 92' lang='lat'><em>‚</em></span> <span class='ocrx_word' id='word_1_276' title='bbox 979 2476 1172 2511; x_wconf 87' lang='lat' dir='ltr'><strong>cauelianis</strong></span> <span class='ocrx_word' id='word_1_277' title='bbox 1195 2484 1228 2511; x_wconf 92' lang='lat' dir='ltr'><em>N</em></span> <span class='ocrx_word' id='word_1_278' title='bbox 1242 2476 1254 2522; x_wconf 77' lang='grc' dir='ltr'><strong>ΙΙ</strong></span> <span class='ocrx_word' id='word_1_279' title='bbox 1271 2479 1291 2510; x_wconf 76' lang='lat'><strong>-1</strong></span> <span class='ocrx_word' id='word_1_280' title='bbox 1313 2476 1460 2511; x_wconf 90' lang='lat' dir='ltr'><strong>uincula</strong></span> <span class='ocrx_word' id='word_1_281' title='bbox 1481 2484 1515 2510; x_wconf 93' lang='lat' dir='ltr'><em>N</em></span> <span class='ocrx_word' id='word_1_282' title='bbox 1529 2477 1540 2521; x_wconf 79' lang='lat' dir='ltr'>ss</span> <span class='ocrx_word' id='word_1_283' title='bbox 1558 2477 1589 2511; x_wconf 90' lang='lat' dir='ltr'><strong>is</strong></span> <span class='ocrx_word' id='word_1_284' title='bbox 1612 2485 1637 2511; x_wconf 86' lang='lat' dir='ltr'><em>B</em></span> <span class='ocrx_word' id='word_1_285' title='bbox 1655 2478 1666 2523; x_wconf 73' lang='lat' dir='ltr'>fl</span> <span class='ocrx_word' id='word_1_286' title='bbox 1685 2479 1705 2511; x_wconf 82' lang='lat'>6</span> <span class='ocrx_word' id='word_1_287' title='bbox 1722 2477 1757 2511; x_wconf 89' lang='lat' dir='ltr'><strong>ei</strong></span> 
     </span>
     <span class='ocr_line' id='line_1_37' title="bbox 220 2531 1756 2578; baseline 0.001 -14"><span class='ocrx_word' id='word_1_288' title='bbox 220 2542 275 2564; x_wconf 90' lang='lat' dir='ltr'><strong>om</strong></span> <span class='ocrx_word' id='word_1_289' title='bbox 291 2539 324 2564; x_wconf 96' lang='lat' dir='ltr'><em>N</em></span> <span class='ocrx_word' id='word_1_290' title='bbox 338 2531 349 2576; x_wconf 88' lang='grc' dir='ltr'><strong>ΙΙ</strong></span> <span class='ocrx_word' id='word_1_291' title='bbox 367 2533 388 2564; x_wconf 91' lang='grc'>9</span> <span class='ocrx_word' id='word_1_292' title='bbox 407 2532 606 2566; x_wconf 86' lang='lat' dir='ltr'><strong>communis</strong></span> <span class='ocrx_word' id='word_1_293' title='bbox 621 2533 815 2567; x_wconf 70' lang='lat' dir='ltr'><strong>Halmius.-</strong></span> <span class='ocrx_word' id='word_1_294' title='bbox 833 2544 915 2567; x_wconf 90' lang='lat' dir='ltr'><strong>cum</strong></span> <span class='ocrx_word' id='word_1_295' title='bbox 931 2533 1048 2567; x_wconf 88' lang='lat' dir='ltr'><strong>omnis</strong></span> <span class='ocrx_word' id='word_1_296' title='bbox 1063 2540 1121 2567; x_wconf 84' lang='lat' dir='ltr'><strong>BN</strong></span> <span class='ocrx_word' id='word_1_297' title='bbox 1137 2534 1147 2578; x_wconf 77' lang='grc' dir='ltr'><strong>ΙΙ</strong></span> <span class='ocrx_word' id='word_1_298' title='bbox 1165 2543 1344 2567; x_wconf 87' lang='lat' dir='ltr'><strong>aruennos</strong></span> <span class='ocrx_word' id='word_1_299' title='bbox 1359 2540 1385 2566; x_wconf 89' lang='grc' dir='ltr'><em>Β</em></span> <span class='ocrx_word' id='word_1_300' title='bbox 1402 2532 1414 2578; x_wconf 88' lang='grc' dir='ltr'><strong>ΙΙ</strong></span> <span class='ocrx_word' id='word_1_301' title='bbox 1431 2532 1603 2568; x_wconf 86' lang='lat' dir='ltr'><strong>bituricas</strong></span> <span class='ocrx_word' id='word_1_302' title='bbox 1627 2542 1653 2567; x_wconf 85' lang='grc' dir='ltr'><em>Β</em></span> <span class='ocrx_word' id='word_1_303' title='bbox 1670 2533 1681 2577; x_wconf 74' lang='grc' dir='ltr'><strong>ΙΙ</strong></span> <span class='ocrx_word' id='word_1_304' title='bbox 1700 2545 1756 2567; x_wconf 88' lang='lat' dir='ltr'><strong>ca-</strong></span> 
     </span>
     <span class='ocr_line' id='line_1_38' title="bbox 219 2588 1756 2635; baseline 0.001 -14"><span class='ocrx_word' id='word_1_305' title='bbox 219 2592 371 2621; x_wconf 88' lang='lat' dir='ltr'><strong>rnuntas</strong></span> <span class='ocrx_word' id='word_1_306' title='bbox 387 2595 421 2622; x_wconf 92' lang='lat' dir='ltr'><em>N</em></span> <span class='ocrx_word' id='word_1_307' title='bbox 435 2588 446 2633; x_wconf 77' lang='grc' dir='ltr'><strong>ΙΙ</strong></span> <span class='ocrx_word' id='word_1_308' title='bbox 469 2590 508 2621; x_wconf 84' lang='grc'><strong>10</strong></span> <span class='ocrx_word' id='word_1_309' title='bbox 526 2599 775 2634; x_wconf 87' lang='lat' dir='ltr'><strong>seguanosque</strong></span> <span class='ocrx_word' id='word_1_310' title='bbox 789 2597 821 2623; x_wconf 91' lang='lat' dir='ltr'><em>N</em></span> <span class='ocrx_word' id='word_1_311' title='bbox 838 2589 849 2635; x_wconf 74' lang='lat' dir='ltr'>ss</span> <span class='ocrx_word' id='word_1_312' title='bbox 866 2589 906 2624; x_wconf 90' lang='lat' dir='ltr'><strong>hi</strong></span> <span class='ocrx_word' id='word_1_313' title='bbox 932 2600 1078 2635; x_wconf 89' lang='lat' dir='ltr'><strong>corpore</strong></span> <span class='ocrx_word' id='word_1_314' title='bbox 1102 2597 1128 2624; x_wconf 91' lang='grc' dir='ltr'><em>Β</em></span> <span class='ocrx_word' id='word_1_315' title='bbox 1141 2615 1150 2630; x_wconf 94' lang='grc'><strong>,</strong></span> <span class='ocrx_word' id='word_1_316' title='bbox 1186 2588 1247 2623; x_wconf 90' lang='grc'><strong>1110</strong></span> <span class='ocrx_word' id='word_1_317' title='bbox 1273 2599 1420 2635; x_wconf 90' lang='lat' dir='ltr'><strong>corpore</strong></span> <span class='ocrx_word' id='word_1_318' title='bbox 1442 2590 1501 2635; x_wconf 75' lang='lat' dir='ltr'><strong>Nss</strong></span> <span class='ocrx_word' id='word_1_319' title='bbox 1523 2591 1559 2623; x_wconf 89' lang='lat'><strong>11</strong></span> <span class='ocrx_word' id='word_1_320' title='bbox 1579 2589 1756 2624; x_wconf 83' lang='lat' dir='ltr'><strong>terribiles</strong></span> 
     </span>
     <span class='ocr_line' id='line_1_39' title="bbox 219 2644 1739 2691; baseline 0.001 -14"><span class='ocrx_word' id='word_1_321' title='bbox 219 2654 349 2678; x_wconf 89' lang='lat' dir='ltr'><strong>nomen</strong></span> <span class='ocrx_word' id='word_1_322' title='bbox 365 2652 391 2678; x_wconf 89' lang='grc' dir='ltr'><em>Β</em></span> <span class='ocrx_word' id='word_1_323' title='bbox 407 2644 420 2690; x_wconf 81' lang='lat'><strong>{1</strong></span> <span class='ocrx_word' id='word_1_324' title='bbox 438 2644 540 2689; x_wconf 70' lang='lat' dir='ltr'><strong>quasi</strong></span> <span class='ocrx_word' id='word_1_325' title='bbox 556 2650 690 2679; x_wconf 85' lang='lat' dir='ltr'><strong>terrore</strong></span> <span class='ocrx_word' id='word_1_326' title='bbox 706 2652 740 2678; x_wconf 89' lang='lat' dir='ltr'><em>N</em></span> <span class='ocrx_word' id='word_1_327' title='bbox 753 2647 765 2690; x_wconf 73' lang='lat' dir='ltr'>u</span> <span class='ocrx_word' id='word_1_328' title='bbox 783 2645 1055 2691; x_wconf 81' lang='lat' dir='ltr'><strong>uergingetorix</strong></span> <span class='ocrx_word' id='word_1_329' title='bbox 1070 2653 1114 2687; x_wconf 84' lang='lat' dir='ltr'><strong>B,</strong></span> <span class='ocrx_word' id='word_1_330' title='bbox 1134 2645 1392 2691; x_wconf 85' lang='lat' dir='ltr'><strong>uergincetoris</strong></span> <span class='ocrx_word' id='word_1_331' title='bbox 1418 2654 1450 2680; x_wconf 92' lang='lat' dir='ltr'><em>N</em></span> <span class='ocrx_word' id='word_1_332' title='bbox 1466 2645 1477 2691; x_wconf 77' lang='grc' dir='ltr'><strong>ΙΙ</strong></span> <span class='ocrx_word' id='word_1_333' title='bbox 1499 2647 1539 2680; x_wconf 87' lang='grc'><strong>13</strong></span> <span class='ocrx_word' id='word_1_334' title='bbox 1565 2645 1664 2679; x_wconf 82' lang='grc'><strong>111008</strong></span> <span class='ocrx_word' id='word_1_335' title='bbox 1681 2653 1714 2678; x_wconf 86' lang='grc' dir='ltr'><em>Ν</em></span> <span class='ocrx_word' id='word_1_336' title='bbox 1728 2645 1739 2688; x_wconf 69' lang='grc' dir='ltr'>Η</span> 
     </span>
    </p>

    <p class='ocr_par' dir='ltr' id='par_1_10' title="bbox 221 2700 1759 2972">
     <span class='ocr_line' id='line_1_40' title="bbox 223 2700 1757 2747; baseline -0.001 -13"><span class='ocrx_word' id='word_1_337' title='bbox 223 2701 264 2734; x_wconf 87' lang='grc'><strong>16</strong></span> <span class='ocrx_word' id='word_1_338' title='bbox 287 2700 513 2735; x_wconf 83' lang='lat' dir='ltr'><strong>felicissimae</strong></span> <span class='ocrx_word' id='word_1_339' title='bbox 538 2701 748 2735; x_wconf 79' lang='lat' dir='ltr'><strong>temeritatis</strong></span> <span class='ocrx_word' id='word_1_340' title='bbox 765 2706 851 2746; x_wconf 77' lang='lat' dir='ltr'><strong>post</strong></span> <span class='ocrx_word' id='word_1_341' title='bbox 875 2702 991 2747; x_wconf 89' lang='lat' dir='ltr'><strong>qualis</strong></span> <span class='ocrx_word' id='word_1_342' title='bbox 1008 2706 1084 2736; x_wconf 86' lang='lat' dir='ltr'><strong>erat</strong></span> <span class='ocrx_word' id='word_1_343' title='bbox 1099 2701 1222 2747; x_wconf 69' lang='lat' dir='ltr'><strong>posuit</strong></span> <span class='ocrx_word' id='word_1_344' title='bbox 1237 2702 1524 2743; x_wconf 71' lang='lat' dir='ltr'><strong>Freinshemius,</strong></span> <span class='ocrx_word' id='word_1_345' title='bbox 1552 2700 1757 2735; x_wconf 85' lang='lat' dir='ltr'><strong>felicissima</strong></span> 
     </span>
     <span class='ocr_line' id='line_1_41' title="bbox 221 2755 1756 2804; baseline -0.001 -15"><span class='ocrx_word' id='word_1_346' title='bbox 221 2756 421 2791; x_wconf 80' lang='lat' dir='ltr'><strong>temeritate</strong></span> <span class='ocrx_word' id='word_1_347' title='bbox 446 2756 644 2790; x_wconf 68' lang='lat' dir='ltr'><strong>Salmasius</strong></span> <span class='ocrx_word' id='word_1_348' title='bbox 669 2757 680 2802; x_wconf 76' lang='lat' dir='ltr'>ss</span> <span class='ocrx_word' id='word_1_349' title='bbox 708 2760 747 2791; x_wconf 79' lang='lat'><strong>17</strong></span> <span class='ocrx_word' id='word_1_350' title='bbox 776 2762 832 2792; x_wconf 87' lang='lat' dir='ltr'><strong>set</strong></span> <span class='ocrx_word' id='word_1_351' title='bbox 853 2757 957 2792; x_wconf 89' lang='lat' dir='ltr'><strong>niues</strong></span> <span class='ocrx_word' id='word_1_352' title='bbox 979 2765 1011 2791; x_wconf 91' lang='grc' dir='ltr'><em>Ν</em></span> <span class='ocrx_word' id='word_1_353' title='bbox 1026 2758 1037 2803; x_wconf 88' lang='grc' dir='ltr'><strong>ΙΙ</strong></span> <span class='ocrx_word' id='word_1_354' title='bbox 1059 2759 1099 2791; x_wconf 79' lang='grc'><strong>18</strong></span> <span class='ocrx_word' id='word_1_355' title='bbox 1117 2769 1283 2793; x_wconf 83' lang='lat' dir='ltr'><strong>emensus</strong></span> <span class='ocrx_word' id='word_1_356' title='bbox 1299 2763 1453 2804; x_wconf 82' lang='lat' dir='ltr'><strong>occupat</strong></span> <span class='ocrx_word' id='word_1_357' title='bbox 1468 2757 1612 2802; x_wconf 81' lang='lat' dir='ltr'><strong>galliam</strong></span> <span class='ocrx_word' id='word_1_358' title='bbox 1635 2763 1668 2788; x_wconf 89' lang='lat' dir='ltr'><em>N</em></span> <span class='ocrx_word' id='word_1_359' title='bbox 1683 2755 1693 2798; x_wconf 88' lang='grc' dir='ltr'><strong>ΙΙ</strong></span> <span class='ocrx_word' id='word_1_360' title='bbox 1713 2758 1756 2788; x_wconf 83' lang='grc'><strong>20</strong></span> 
     </span>
     <span class='ocr_line' id='line_1_42' title="bbox 221 2809 1758 2860; baseline -0.001 -16"><span class='ocrx_word' id='word_1_361' title='bbox 221 2809 327 2846; x_wconf 62' lang='lat' dir='ltr'><strong>urbes</strong></span> <span class='ocrx_word' id='word_1_362' title='bbox 343 2812 514 2847; x_wconf 87' lang='lat' dir='ltr'><strong>alaricum</strong></span> <span class='ocrx_word' id='word_1_363' title='bbox 529 2821 574 2855; x_wconf 88' lang='grc' dir='ltr'><strong>Β,</strong></span> <span class='ocrx_word' id='word_1_364' title='bbox 593 2813 790 2847; x_wconf 90' lang='lat' dir='ltr'><strong>aluaricum</strong></span> <span class='ocrx_word' id='word_1_365' title='bbox 813 2822 846 2848; x_wconf 95' lang='lat' dir='ltr'><em>N</em></span> <span class='ocrx_word' id='word_1_366' title='bbox 860 2814 872 2859; x_wconf 76' lang='lat' dir='ltr'>ss</span> <span class='ocrx_word' id='word_1_367' title='bbox 889 2813 989 2848; x_wconf 84' lang='lat' dir='ltr'><strong>milia</strong></span> <span class='ocrx_word' id='word_1_368' title='bbox 1003 2822 1037 2848; x_wconf 91' lang='lat' dir='ltr'><em>N</em></span> <span class='ocrx_word' id='word_1_369' title='bbox 1050 2814 1063 2860; x_wconf 67' lang='lat' dir='ltr'>fl</span> <span class='ocrx_word' id='word_1_370' title='bbox 1080 2815 1120 2847; x_wconf 86' lang='lat'><strong>21</strong></span> <span class='ocrx_word' id='word_1_371' title='bbox 1141 2813 1291 2848; x_wconf 82' lang='lat' dir='ltr'><strong>sustulit</strong></span> <span class='ocrx_word' id='word_1_372' title='bbox 1312 2812 1497 2847; x_wconf 70' lang='lat' dir='ltr'><strong>deleam-im</strong></span> <span class='ocrx_word' id='word_1_373' title='bbox 1516 2812 1527 2855; x_wconf 78' lang='grc' dir='ltr'><strong>ΙΙ</strong></span> <span class='ocrx_word' id='word_1_374' title='bbox 1547 2813 1589 2844; x_wconf 88' lang='grc'><strong>22</strong></span> <span class='ocrx_word' id='word_1_375' title='bbox 1607 2821 1758 2855; x_wconf 87' lang='lat' dir='ltr'><strong>georgo-</strong></span> 
     </span>
     <span class='ocr_line' id='line_1_43' title="bbox 222 2865 1759 2916; baseline 0.001 -17"><span class='ocrx_word' id='word_1_376' title='bbox 222 2865 317 2900; x_wconf 85' lang='lat' dir='ltr'><strong>uiam</strong></span> <span class='ocrx_word' id='word_1_377' title='bbox 332 2868 391 2913; x_wconf 67' lang='lat' dir='ltr'><strong>Nu</strong></span> <span class='ocrx_word' id='word_1_378' title='bbox 408 2879 695 2903; x_wconf 84' lang='lat' dir='ltr'><strong>aruenuenorum</strong></span> <span class='ocrx_word' id='word_1_379' title='bbox 711 2878 737 2904; x_wconf 88' lang='grc' dir='ltr'><em>Β</em></span> <span class='ocrx_word' id='word_1_380' title='bbox 754 2871 766 2916; x_wconf 79' lang='lat' dir='ltr'>ss</span> <span class='ocrx_word' id='word_1_381' title='bbox 784 2872 827 2904; x_wconf 89' lang='grc'><strong>23</strong></span> <span class='ocrx_word' id='word_1_382' title='bbox 852 2881 933 2904; x_wconf 84' lang='grc'><strong>011111</strong></span> <span class='ocrx_word' id='word_1_383' title='bbox 956 2870 1071 2905; x_wconf 89' lang='lat' dir='ltr'><strong>milite</strong></span> <span class='ocrx_word' id='word_1_384' title='bbox 1094 2882 1197 2904; x_wconf 88' lang='lat' dir='ltr'><strong>muro</strong></span> <span class='ocrx_word' id='word_1_385' title='bbox 1212 2878 1244 2903; x_wconf 85' lang='lat' dir='ltr'><em>N</em></span> <span class='ocrx_word' id='word_1_386' title='bbox 1260 2871 1270 2914; x_wconf 79' lang='grc' dir='ltr'><strong>ΙΙ</strong></span> <span class='ocrx_word' id='word_1_387' title='bbox 1290 2873 1332 2903; x_wconf 80' lang='lat'><strong>24</strong></span> <span class='ocrx_word' id='word_1_388' title='bbox 1349 2867 1512 2912; x_wconf 89' lang='lat' dir='ltr'><strong>apruptis</strong></span> <span class='ocrx_word' id='word_1_389' title='bbox 1528 2874 1554 2900; x_wconf 88' lang='grc' dir='ltr'><em>Β</em></span> <span class='ocrx_word' id='word_1_390' title='bbox 1571 2867 1582 2911; x_wconf 88' lang='grc' dir='ltr'><strong>ΙΙ</strong></span> <span class='ocrx_word' id='word_1_391' title='bbox 1599 2866 1686 2911; x_wconf 89' lang='lat' dir='ltr'><strong>ripis</strong></span> <span class='ocrx_word' id='word_1_392' title='bbox 1703 2878 1759 2899; x_wconf 84' lang='lat' dir='ltr'><strong>om</strong></span> 
     </span>
     <span class='ocr_line' id='line_1_44' title="bbox 223 2922 1332 2972; baseline 0.004 -18"><span class='ocrx_word' id='word_1_393' title='bbox 223 2929 256 2955; x_wconf 92' lang='lat' dir='ltr'><em>N</em></span> <span class='ocrx_word' id='word_1_394' title='bbox 270 2922 281 2965; x_wconf 73' lang='grc' dir='ltr'>Η</span> <span class='ocrx_word' id='word_1_395' title='bbox 301 2924 343 2956; x_wconf 87' lang='grc'><strong>26</strong></span> <span class='ocrx_word' id='word_1_396' title='bbox 369 2922 572 2970; x_wconf 86' lang='lat' dir='ltr'><strong>intentique</strong></span> <span class='ocrx_word' id='word_1_397' title='bbox 595 2933 621 2960; x_wconf 87' lang='grc' dir='ltr'><em>Β</em></span> <span class='ocrx_word' id='word_1_398' title='bbox 639 2926 649 2971; x_wconf 90' lang='grc' dir='ltr'><strong>ΙΙ</strong></span> <span class='ocrx_word' id='word_1_399' title='bbox 669 2926 888 2961; x_wconf 88' lang='lat' dir='ltr'><strong>circumdata</strong></span> <span class='ocrx_word' id='word_1_400' title='bbox 913 2934 938 2961; x_wconf 85' lang='grc' dir='ltr'><em>Β</em></span> <span class='ocrx_word' id='word_1_401' title='bbox 955 2927 966 2972; x_wconf 82' lang='lat' dir='ltr'>ss</span> <span class='ocrx_word' id='word_1_402' title='bbox 985 2929 1026 2961; x_wconf 88' lang='grc'><strong>27</strong></span> <span class='ocrx_word' id='word_1_403' title='bbox 1054 2926 1184 2972; x_wconf 84' lang='lat' dir='ltr'><strong>gladiis</strong></span> <span class='ocrx_word' id='word_1_404' title='bbox 1207 2938 1261 2958; x_wconf 88' lang='lat' dir='ltr'><strong>om</strong></span> <span class='ocrx_word' id='word_1_405' title='bbox 1278 2933 1303 2959; x_wconf 84' lang='grc' dir='ltr'><em>Β</em></span> <span class='ocrx_word' id='word_1_406' title='bbox 1321 2925 1332 2969; x_wconf 84' lang='grc' dir='ltr'><strong>ΙΙ</strong></span> 
     </span>
    </p>
   </div>
  </div>
 </body>
</html>
