2002 3320
274 251 327 290 24
927 264 1019 292 1vL1
1040 263 1169 291 FLom

273 369 418 402 catum
438 367 515 400 est.
549 360 704 414 quippe
725 368 821 414 post
848 361 1030 415 primam
1050 362 1273 403 uictoriam
1292 363 1509 404 intellecta
1529 362 1596 403 uir
1615 361 1794 402 callidus
1824 362 1857 402 I

274 431 433 471 uirtute
455 430 650 470 Romana
669 430 814 470 statim
833 431 1072 484 desperauit
1093 431 1219 473 armis
1240 446 1366 486 seque
1387 433 1441 473 ad
1460 432 1577 473 dolos
1598 431 1794 472 contulit.

275 514 375 540 nam
409 499 684 552 interemptos
719 499 923 540 cremauit
934 509 951 548 ,'
982 500 1256 555 captiuosque
1285 501 1556 556 indulgenter
1585 501 1736 542 habuit
1757 508 1801 542 et

277 569 367 610 sine
395 568 530 622 pretio
549 567 759 617 restituit,
782 568 1005 622 missisque
1024 569 1175 623 legatis
1195 570 1242 610 in
1261 571 1409 611 urbem
1437 571 1553 612 omni
1580 572 1707 612 modo
1728 571 1798 611 ad-

275 638 394 679 nisus
415 645 478 679 est
505 645 553 679 ut
580 638 691 678 facto
719 638 884 678 foedere
903 637 950 678 in
971 638 1202 679 amicitiam
1219 639 1485 692 reciperetur.
1519 641 1592 681 sed
1612 648 1654 682 et
1682 641 1795 681 bello
1825 648 1845 680 5

277 715 319 749 et
333 723 436 762 pace
457 714 498 748 et
518 708 618 748 foris
639 714 681 748 et
701 707 815 748 domi
836 721 1005 747 omnem
1025 707 1071 748 in
1090 714 1254 761 partem
1273 709 1470 750 Romana
1484 709 1620 751 uirtus
1639 717 1734 750 tum
1756 724 1800 750 se
1825 695 1827 697 ι

279 778 529 832 adprobauit
543 809 556 827 ,
593 791 672 817 nec
703 777 786 817 alia
814 776 950 830 magis
985 792 1114 830 quam
1144 777 1376 818 Tarentina
1406 778 1585 819 uictoria
1614 778 1801 820 ostendit

277 848 425 902 populi
444 847 629 888 Romani
649 846 966 896 fortitudinem,
998 854 1170 888 senatus
1200 847 1476 901 sapientiam,
1507 849 1663 888 ducum
1681 863 1798 902 mag-

278 912 624 958 nanimitatem.**
694 915 871 970 quinam
906 915 971 956 illi
1004 916 1178 957 fuerunt
1211 917 1316 960 uiri,
1341 932 1445 971 quos
1481 918 1533 958 ab
1569 918 1869 973 elephantis[I]

278 987 413 1041 primo
433 986 592 1040 proelio
619 986 792 1026 obtritos
815 985 1079 1039 accepimus?
1111 986 1303 1027 omnium
1331 988 1512 1027 uulnera
1540 987 1586 1027 in
1615 995 1798 1041 pectore,
1830 995 1872 1027 10

279 1056 453 1111 quidam
473 1055 665 1097 hostibus
687 1055 775 1096 suis
796 1062 931 1096 morte
952 1070 1030 1096 sua
1049 1057 1301 1106 conmortui,
1325 1058 1515 1098 omnium
1537 1057 1583 1097 in
1603 1057 1802 1098 manibus

280 1126 408 1176 ensis,
431 1132 473 1166 et
493 1125 663 1166 relictae
683 1124 729 1164 in
749 1124 936 1165 uoltibus
956 1125 1114 1175 minae,
1138 1133 1180 1166 et
1198 1125 1245 1166 in
1264 1126 1358 1180 ipsa
1372 1134 1506 1167 morte
1521 1127 1584 1167 ira
1603 1127 1793 1167 uiuebat.

280 1198 393 1250 quod
425 1196 528 1236 adeo
549 1194 738 1248 Pyrrhus
769 1194 946 1252 miratus
976 1201 1039 1235 est
1068 1201 1117 1235 ut
1145 1195 1301 1236 diceret
1329 1192 1373 1237 ‘0
1403 1211 1530 1250 quam
1556 1195 1680 1236 facile
1714 1202 1803 1236 erat

281 1265 391 1307 orbis
411 1265 636 1322 imperium
657 1269 884 1318 occupare,
899 1270 973 1304 aut
991 1263 1099 1304 mihi
1120 1265 1326 1306 Romanis
1346 1265 1554 1306 militibus
1576 1265 1703 1315 datis,
1727 1271 1802 1305 aut

280 1350 348 1376 me
368 1349 465 1388 rege
495 1333 700 1389 Romanis
715 1328 746 1373 Γ
779 1348 887 1388 quae
917 1340 1060 1374 autem
1091 1348 1259 1383 eorum,
1297 1334 1370 1388 qui
1398 1335 1720 1388 superfuerunt,
1752 1334 1799 1375 in
1829 1342 1871 1374 15

281 1405 514 1458 reparando
545 1403 734 1444 exercitu
764 1402 1009 1443 festinatio?
1040 1417 1139 1443 cum
1167 1403 1357 1458 Pyrrhus
1383 1400 1526 1445 ‘uideo
1555 1399 1635 1445 me’
1665 1404 1805 1458 inquit

277 1471 420 1528 ‘plane
439 1479 705 1527 procreatum
724 1472 925 1513 Herculis
947 1472 1131 1522 semine,
1154 1473 1224 1513 cui
1243 1473 1364 1527 quasi
1384 1474 1437 1514 ab
1458 1487 1596 1527 angue
1617 1474 1804 1514 Lernaeo

283 1551 346 1585 tot
374 1558 495 1584 caesa
523 1542 710 1583 hostium
741 1541 881 1596 capita
908 1542 1029 1596 quasi
1057 1543 1108 1583 de
1137 1542 1345 1597 sanguine
1376 1558 1453 1584 suo
1491 1537 1802 1584 renascuntur.²

283 1614 355 1669 qui
377 1621 519 1654 autem
539 1613 612 1654 ille
641 1619 814 1654 senatus
842 1611 951 1652 fuit?
981 1626 1079 1652 cum
1107 1618 1327 1666 perorante
1355 1611 1495 1665 Appio
1524 1612 1662 1652 Caeco
1689 1611 1804 1666 pulsi

283 1699 381 1725 cum
399 1683 646 1725 muneribus
668 1683 754 1723 suis
776 1683 828 1723 ab
855 1682 958 1722 urbe
986 1682 1117 1736 legati
1145 1681 1423 1735 interroganti
1452 1682 1542 1736 regi
1569 1696 1670 1730 suo,
1702 1681 1805 1735 quid
1831 1688 1875 1721 20

283 1756 334 1795 de
354 1754 543 1795 hostium
565 1754 661 1794 sede
683 1752 888 1794 sentirent
901 1784 913 1801 ,
936 1752 1084 1792 urbem
1105 1752 1312 1805 templum
1332 1751 1412 1792 sibi
1432 1751 1585 1801 uisam,
1609 1758 1806 1792 senatum

283 1838 432 1877 regum
452 1837 541 1864 esse
562 1824 878 1863 confiterentur.
912 1821 1013 1875 quid
1032 1836 1154 1875 porro
1173 1821 1255 1875 ipsi
1285 1820 1439 1862 duces?
1469 1821 1540 1862 uel
1566 1820 1613 1861 in
1641 1820 1803 1870 castris,

284 1907 382 1933 cum
415 1892 628 1933 medicum
661 1893 814 1933 uenale
848 1891 958 1945 regis
993 1898 1122 1945 caput
1162 1892 1406 1932 offerentem
1435 1891 1590 1932 Curius
1626 1890 1805 1939 remisit,

284 1962 502 2004 Fabricius
524 1963 710 2003 oblatam
731 1962 811 2003 sibi
832 1976 857 2002 a
875 1975 973 2015 rege
993 1960 1159 2014 imperii
1178 1967 1341 2014 partem
1368 1960 1610 2014 repudiauit
1621 1975 1633 2008 ;
1666 1959 1738 2000 ,uel
1757 1959 1804 1999 in

284 2046 403 2087 pace,
422 2046 520 2072 cum
531 2031 686 2073 Curius
697 2030 846 2071 fictilia
862 2045 939 2071 sua
956 2030 1191 2071 Samnitico
1205 2030 1433 2083 praeferret
1449 2044 1567 2079 auro,
1586 2029 1804 2070 Fabricius
1833 2036 1876 2069 25

285 2103 431 2143 decem
456 2102 598 2155 pondo
637 2099 801 2154 argenti
837 2100 947 2140 circa
973 2101 1183 2140 Rufinum
1221 2099 1487 2139 consularem
1516 2098 1658 2138 uirum
1685 2098 1807 2152 quasi

286 2171 502 2212 luxuriam
528 2169 717 2211 censoria
751 2169 960 2223 grauitate
996 2170 1231 2209 damnaret.
1273 2167 1367 2222 quis
1403 2182 1500 2222 ergo
1535 2167 1714 2209 miretur
1749 2167 1808 2209 eis

286 2241 489 2290 moribus,
518 2255 568 2281 ea
583 2239 741 2280 uirtute
756 2238 943 2279 militum
958 2238 1163 2280 uictorem
1177 2238 1383 2292 populum
1398 2239 1644 2280 Romanum
1658 2237 1805 2287 fuisse,

287 2325 456 2365 unoque
483 2310 596 2351 bello
626 2308 856 2350 Tarentino
884 2308 998 2349 intra
1028 2307 1355 2362 quadriennium
1383 2307 1615 2348 maximam
1643 2314 1807 2361 partem

290 2502 303 2532 1
325 2499 457 2544 quippe
473 2502 651 2543 postrema
668 2499 853 2532 uictoriam
870 2506 895 2533 Β
912 2498 923 2544 11
941 2499 1127 2533 uictoriam
1143 2509 1206 2532 rex
1223 2498 1372 2532 callidus
1388 2498 1570 2532 intellecta
1590 2505 1623 2532 N
1637 2497 1648 2542 11
1665 2497 1722 2531 uir
1738 2497 1805 2531 cal-

286 2555 381 2590 lidus
398 2567 453 2588 om
469 2563 489 2588 I
503 2555 514 2599 11
533 2557 551 2587 2
568 2565 714 2587 romana
730 2554 864 2589 uirtute
880 2563 900 2589 Ι
925 2554 937 2601 11
970 2557 991 2588 4
1006 2554 1175 2600 missique
1190 2563 1216 2589 Β
1234 2555 1244 2600 11
1262 2555 1450 2600 missisque
1467 2553 1550 2587 dein
1566 2553 1694 2598 legatis
1709 2560 1742 2586 N
1757 2552 1768 2598 11
1787 2555 1806 2586 5

288 2611 443 2646 amicitia
465 2619 490 2645 B
508 2611 518 2656 11
537 2611 599 2644 sed
611 2611 704 2644 bello
715 2615 751 2644 et
767 2622 852 2655 pace
869 2610 955 2644 foris
970 2618 1001 2644 N
1017 2610 1028 2656 11
1047 2613 1064 2644 7
1076 2611 1260 2645 hostendit
1275 2619 1300 2646 B
1317 2611 1329 2656 11
1351 2612 1387 2644 11
1408 2609 1570 2644 hostibus
1587 2608 1661 2642 suis
1678 2608 1809 2642 inmor-

287 2667 342 2702 tui
357 2675 390 2701 N
404 2667 415 2713 11
437 2669 475 2701 12
493 2666 655 2701 uultibus
666 2675 690 2700 Β
708 2667 718 2712 11
742 2669 779 2699 14
793 2666 885 2700 datis
894 2675 991 2701 omN
1005 2666 1016 2712 11
1038 2669 1078 2701 16
1096 2667 1203 2701 uideo
1219 2679 1328 2707 meg:
1352 2666 1446 2701 idem
1462 2676 1566 2699 omne
1580 2672 1638 2698 BN
1652 2664 1664 2709 11
1682 2663 1809 2708 inquid

289 2732 313 2758 Β
331 2724 342 2770 11
365 2726 402 2758 17
416 2723 584 2758 herculiB
602 2722 613 2767 11
631 2722 745 2757 sidere
762 2726 1027 2767 procreatumN
1041 2723 1052 2768 11
1070 2723 1190 2757 lerneo
1205 2731 1242 2765 Β,
1262 2723 1464 2757 elernaeoN
1478 2721 1490 2766 11
1510 2722 1549 2754 18
1559 2719 1660 2765 quasi
1676 2731 1731 2753 om
1746 2719 1805 2765 Ν11

289 2783 328 2815 21
349 2785 509 2815 senatum
525 2789 676 2824 regnum
692 2778 798 2811 deum
823 2788 898 2811 esse
921 2786 954 2811 Ν
978 2778 988 2822 11
1016 2780 1058 2812 22
1077 2778 1138 2823 qui
1168 2787 1202 2814 N
1223 2779 1234 2825 11
1260 2781 1302 2813 23
1321 2778 1417 2824 quod
1433 2776 1657 2811 medicumN
1679 2775 1690 2821 11
1715 2775 1811 2820 regis

288 2836 410 2883 pyrrhi
425 2844 458 2870 N
472 2836 483 2881 11
501 2835 716 2869 adferentem
733 2841 765 2867 N
779 2833 790 2879 11
809 2835 850 2866 24
869 2833 989 2867 oblata
1004 2842 1029 2867 Β
1046 2834 1057 2879 11
1075 2839 1174 2879 parte
1199 2843 1224 2868 Β
1241 2834 1252 2880 11
1271 2837 1311 2869 26
1329 2832 1488 2879 aargenti
1504 2840 1529 2866 Β
1553 2831 1564 2876 11
1589 2832 1807 2866 consolarem

289 2901 314 2927 B
333 2892 343 2937 11
362 2894 402 2926 27
422 2888 481 2925 his'
493 2899 551 2926 ΒΝ
571 2891 582 2937 11
608 2892 651 2924 28
671 2902 713 2924 ea
728 2901 783 2923 om
799 2897 831 2923 N
843 2889 856 2935 11
880 2889 1047 2923 millitum
1064 2898 1095 2923 N
1118 2890 1128 2934 11
1155 2891 1326 2925 uictorem
1352 2888 1524 2935 populum
1542 2888 1744 2923 Romanum
1763 2900 1785 2928 ς
1797 2901 1808 2920 .·

290 2948 485 2982 exercitum
503 2947 627 2993 populi
643 2946 779 2981 romani
796 2955 839 2989 B,
859 2946 1035 2980 uictorum
1054 2946 1225 2990 populum
1243 2956 1426 2980 romanum
1443 2953 1474 2978 N
1490 2944 1500 2988 11
