2002 3320
284 241 337 280 64
934 251 1026 280 1vL1
1049 252 1176 279 ηοω

285 365 376 392 sam
395 349 567 404 quidem
586 348 702 389 illius
721 348 825 389 belli
844 351 1139 402 praetenderat
1160 356 1264 404 aput
1285 348 1482 391 Cassium
1501 350 1707 403 legatum,
1738 350 1809 390 ad-

285 419 455 462 trectari
490 418 691 459 terminos
727 432 824 459 suos
860 432 885 479 a
917 418 1150 460 Nicomede
1184 419 1374 473 Bithyno
1386 435 1398 468 ;
1451 425 1640 459 ceterum
1673 418 1809 459 elatus

287 489 438 531 animis
459 487 707 542 ingentibus
728 486 856 527 Asiae
876 487 1007 528 totius
1028 494 1095 537 et,
1118 487 1155 528 si
1174 495 1315 541 posset
1327 519 1340 537 ,
1363 489 1557 542 Europae
1577 487 1811 542 cupiditate

286 558 506 612 flagrabat.
555 571 673 610 spem
701 570 748 597 ac
777 556 979 596 fiduciam
1008 557 1167 597 dabant
1195 563 1341 598 nostra
1368 557 1510 604 uitia.⁴
1537 557 1692 612 quippe
1713 571 1812 597 cum

288 627 486 668 ciuilibus
506 626 631 667 bellis
653 625 1016 679 distringeremur,
1039 625 1252 667 inuitabat
1272 626 1458 676 occasio,
1487 628 1736 680 nudumque
1755 626 1815 666 la-

289 705 357 738 tus
387 696 555 750 imperii
584 695 865 736 ostendebant
901 694 1048 748 procul
1078 694 1241 736 Marius
1273 695 1395 736 Sulla
1431 695 1654 736 Sertorius.
1702 695 1814 735 inter

288 767 392 807 haec
412 766 474 806 rei
492 764 688 819 publicae
708 764 890 804 uulnera
910 770 953 804 et
972 763 1049 805 hos
1071 765 1283 805 tumultus
1303 771 1477 818 repente
1498 764 1618 818 quasi
1645 770 1814 818 captato

290 844 477 889 tempore
507 835 554 874 in
573 834 705 875 lassos
737 833 865 874 simul
896 839 1022 887 atque
1050 833 1261 874 districtos
1296 833 1462 874 subitus
1494 834 1617 874 turbo
1644 833 1814 875 Pontici

290 905 392 946 belli
413 905 465 945 ab
485 903 639 944 ultima
658 902 795 943 ueluti
815 903 987 956 specula
1007 903 1306 956 septentrionis
1328 902 1480 957 erupit.

404 974 574 1016 Primus
596 971 741 1014 statim
760 972 946 1026 impetus
974 972 1078 1013 belli
1104 972 1355 1027 Bithyniam
1383 971 1526 1026 rapuit
1539 1003 1552 1021 ,
1583 971 1687 1012 Asia
1715 971 1815 1012 inde

292 1044 384 1099 pari
405 1051 559 1085 terrore
580 1049 771 1095 correpta
800 1048 887 1091 est,
917 1056 997 1082 nec
1027 1048 1277 1083 cunctanter
1306 1043 1361 1082 ad
1387 1055 1531 1095 regem
1559 1041 1612 1081 ab
1641 1040 1816 1082 urbibus

293 1113 448 1155 nostris
468 1111 719 1167 populisque
740 1111 949 1151 descitum
970 1117 1046 1151 est.
1081 1112 1249 1160 aderat,
1272 1111 1476 1160 instabat,
1499 1109 1679 1151 saeuitia
1697 1109 1817 1163 quasi

295 1184 455 1224 uirtute
475 1182 688 1223 utebatur.
708 1195 809 1220 nam
829 1180 933 1234 quid
953 1180 1134 1221 atrocius
1156 1195 1242 1221 uno
1263 1180 1354 1221 eius
1375 1162 1530 1229 edicto,
1553 1193 1651 1219 cum
1671 1193 1816 1219 omnes

296 1253 369 1307 qui
396 1253 443 1292 in
469 1251 574 1292 Asia
602 1251 741 1291 forent
770 1251 989 1290 Romanae
1017 1249 1204 1290 ciuitatis
1231 1249 1426 1290 homines
1455 1248 1639 1290 interfici
1668 1247 1817 1288 iussit?

295 1330 390 1363 tum
410 1321 582 1375 quidem
601 1321 751 1360 domus
772 1319 932 1372 templa
952 1325 994 1359 et
1014 1333 1124 1367 arae,
1147 1318 1337 1359 humana
1356 1319 1500 1359 omnia
1515 1319 1651 1371 adque
1671 1316 1820 1358 diuina

296 1392 388 1432 iura
417 1391 578 1431 uiolata
605 1395 721 1430 sunt.
769 1389 843 1428 sed
869 1387 939 1428 hic
975 1395 1107 1428 terror
1136 1387 1264 1428 Asiae
1292 1388 1507 1441 Europam
1537 1401 1702 1441 quoque
1731 1385 1821 1440 regi

298 1461 525 1516 aperiebat.
573 1458 716 1512 itaque
750 1457 890 1498 missis
933 1457 1142 1497 Archelao
1178 1446 1543 1511 Neoptolemoque
1581 1455 1819 1510 praefectis,

298 1537 475 1584 excepta
494 1529 648 1570 Rhodo
662 1559 674 1577 ,
707 1541 814 1581 quae
834 1541 910 1580 pro
930 1526 1052 1567 nobis
1071 1525 1234 1566 firmius
1257 1525 1399 1575 stetit,
1432 1533 1594 1566 ceterae
1615 1526 1820 1580 Cyclades

299 1601 430 1641 Delos
462 1599 637 1640 Euboea
667 1604 709 1638 et
742 1597 886 1650 ipsum
915 1595 1120 1638 Graeciae
1149 1597 1276 1636 decus
1314 1595 1511 1636 Athenae
1549 1595 1817 1636 tenebantur.

301 1670 473 1711 Italiam
499 1668 586 1708 iam
624 1667 843 1721 ipsamque
883 1667 1032 1707 urbem
1063 1667 1246 1706 Romam
1272 1664 1413 1719 regius
1451 1673 1583 1706 terror
1619 1665 1817 1706 adflabat.

299 1740 443 1793 itaque
463 1739 514 1779 L.
541 1737 662 1778 Sulla
691 1736 889 1785 festinat,
923 1735 991 1775 uir
1018 1735 1144 1775 armis
1176 1734 1387 1789 optimus,
1417 1734 1590 1788 parique
1619 1734 1825 1775 uiolentia

301 1814 496 1850 ruentem
515 1805 694 1847 ulterius
714 1805 882 1846 hostem
908 1806 1055 1846 eadem
1081 1804 1203 1859 quasi
1229 1819 1361 1844 manu
1389 1804 1589 1858 reppulit.
1622 1803 1825 1858 primum-

301 1892 382 1931 que
402 1877 594 1917 Athenas
616 1876 765 1916 urbem
784 1900 838 1909 .-
859 1874 953 1929 quis
975 1873 1186 1915 crederet?
1209 1899 1263 1905 ·—
1283 1874 1456 1927 frugum
1474 1880 1718 1927 parentem,
1754 1873 1824 1913 ob-

302 1947 466 1988 sidione
487 1961 534 1986 ac
554 1946 664 1986 fame
685 1946 740 1986 ad
758 1945 968 1985 humanos
998 1944 1112 1984 cibos
1143 1943 1358 1997 conpulit;
1392 1957 1493 1983 mox
1523 1944 1724 1983 subrutus
1754 1941 1824 1983 Pi-

302 2016 389 2057 raei
407 2022 553 2070 portus
575 2029 650 2055 sex
669 2021 743 2054 aut
764 2014 946 2067 amplius
975 2012 1107 2053 muris
1138 2012 1317 2053 cinctus.
1350 2019 1575 2066 postquam
1606 2013 1825 2052 domuerat

303 2084 609 2139 ingratissimos
630 2083 879 2132 hominum,
904 2090 1047 2123 tamen
1060 2113 1072 2130 ,
1095 2089 1144 2121 ut
1163 2081 1253 2134 ipse
1275 2081 1404 2129 dixit,
1427 2080 1473 2120 in
1494 2081 1698 2121 honorem
1715 2094 1825 2120 mor-

305 2163 476 2196 tuorum
496 2153 622 2194 sacris
652 2153 738 2193 suis
769 2152 989 2205 famaeque
1019 2150 1209 2191 donauit.
1242 2164 1344 2190 mox
1373 2164 1469 2189 cum
1498 2150 1672 2190 Euboea
1699 2156 1827 2202 atque

303 2223 479 2265 Boeotia
522 2222 732 2277 praesidia
769 2221 879 2275 regis
922 2220 1177 2275 depulisset,
1220 2218 1356 2260 omnis
1396 2218 1537 2272 copias
1576 2233 1663 2259 uno
1710 2219 1824 2272 apud

306 2292 605 2342 Chaeroniam,
629 2292 742 2345 apud
752 2290 1050 2332 Orchomenon
1062 2289 1193 2330 altero
1208 2289 1320 2329 bello
1335 2287 1575 2341 dissipauit,
1599 2287 1827 2341 statimque

308 2486 326 2516 2
344 2481 529 2527 bithynico
545 2487 578 2514 N
592 2480 602 2525 ΙΙ
621 2482 639 2512 4
658 2479 835 2524 fraglabat
850 2488 882 2513 N
897 2479 908 2524 u
926 2482 945 2512 5
965 2479 1104 2513 ciuibus
1122 2487 1163 2521 B,
1192 2478 1358 2513 ciuilibus
1383 2481 1402 2512 2
1420 2490 1528 2512 manu
1553 2478 1564 2524 ΙΙ
1591 2476 1829 2520 destringere-

307 2549 387 2571 mur
404 2537 434 2578 b,
455 2532 702 2579 disiungefnur
716 2543 746 2568 N
764 2536 774 2580 ΙΙ
792 2535 932 2580 imperii
948 2535 1042 2569 latus
1059 2543 1092 2569 N
1107 2535 1116 2580 ΙΙ
1135 2538 1155 2570 6
1173 2535 1298 2580 procul
1314 2543 1350 2576 B,
1370 2533 1538 2579 proculus
1555 2535 1574 2567 2
1585 2543 1692 2566 manu
1709 2531 1720 2576 ΙΙ
1738 2529 1828 2576 sylla

306 2601 364 2627 ΒΝ
378 2592 389 2638 ΙΙ
407 2594 427 2626 8
445 2593 538 2626 lasso
554 2599 579 2624 B
596 2591 606 2636 ΙΙ
625 2590 790 2624 subditus
805 2598 830 2624 B
855 2590 867 2635 ΙΙ
893 2592 913 2624 9
931 2591 990 2624 uel
1009 2590 1090 2624 utili
1115 2590 1259 2636 specula
1272 2599 1317 2631 B,
1346 2589 1462 2624 ueluti
1486 2587 1688 2634 spectacula
1708 2594 1742 2620 N
1755 2586 1766 2631 ΙΙ
1789 2587 1828 2618 10

306 2647 505 2694 bythiniam
522 2655 546 2680 B
563 2645 574 2690 ΙΙ
597 2648 636 2679 13
654 2650 695 2679 ut
714 2657 836 2679 omnes
852 2654 885 2679 N
900 2646 910 2690 Η
932 2648 971 2679 14
982 2647 1195 2681 romaniaeB
1212 2646 1224 2692 {l
1246 2648 1284 2680 17
1303 2645 1493 2691 aperibatB
1510 2645 1521 2690 ΙΙ
1543 2646 1582 2677 18
1600 2646 1799 2677 ceterumN
1813 2641 1824 2686 ΙΙ

308 2706 347 2739 21
368 2704 458 2749 sylla
471 2710 530 2737 BN
544 2702 554 2747 ΙΙ
574 2703 614 2735 22
633 2700 756 2734 eadem
772 2701 979 2745 Hauptius:
1005 2702 1158 2747 quadam
1174 2710 1232 2736 ΒΝ
1245 2703 1256 2748 ΙΙ
1274 2702 1494 2747 primamque
1515 2708 1541 2734 B
1558 2699 1569 2744 ΙΙ
1587 2693 1755 2732 ευῦωϊὸε
1771 2704 1796 2730 Β
1813 2697 1826 2742 fl

308 2762 350 2794 25
368 2763 524 2804 portuN‚
545 2761 625 2791 tunc
640 2756 760 2790 statim
777 2756 958 2801 subiunyit
966 2769 995 2801 p
1013 2760 1125 2799 66,16
1143 2758 1276 2792 colchis
1292 2762 1418 2797 tenus;
1431 2758 1554 2800 postea
1570 2752 1668 2787 addit
1677 2764 1765 2796 quae
1775 2751 1831 2786 hic

308 2815 433 2849 desunt
453 2826 482 2859 p
506 2816 562 2854 68,
585 2816 604 2847 5
630 2813 642 2858 Ιὶ
666 2823 728 2847 sex
754 2823 895 2857 quoque
912 2815 958 2848 let
981 2812 1134 2857 amplius
1158 2813 1269 2847 muris
1291 2816 1480 2858 postquam
1504 2817 1537 2844 N
1561 2810 1571 2854 ΙΙ
1598 2812 1640 2845 26
1666 2807 1831 2853 ingratis-

307 2870 415 2905 simos
447 2869 632 2903 hominum
655 2872 697 2902 ut
723 2867 799 2913 ipse
817 2867 910 2901 dixit
934 2867 971 2900 in
996 2867 1166 2902 honorem
1192 2874 1311 2902 tamen
1334 2870 1556 2900 mortuorum
1571 2872 1604 2898 N
1619 2864 1630 2909 Η
1649 2866 1689 2898 27
1711 2864 1831 2898 doma-

308 2926 362 2960 uit
377 2933 409 2959 N
424 2925 434 2970 Η
453 2927 494 2960 28
511 2924 631 2960 boetia
645 2932 671 2959 B
688 2923 699 2969 11
718 2922 914 2968 depulisset
931 2934 974 2963 ς.·
993 2922 1200 2967 dispulisset
1214 2931 1250 2964 Β,
1271 2921 1511 2966 diseipulisset
1526 2928 1558 2955 N
1573 2920 1584 2965 ΙΙ

1892 0 2002 236 Ὗ

1845 978 1886 1011 10

1849 1324 1891 1355 15

1850 1670 1894 1703 20

1852 2017 1896 2050 25
