2002 3320
249 217 303 256 92
897 230 990 259 ΝΜ
1011 230 1141 259 From

251 329 466 369 Termeste
487 327 588 368 Vlia
614 327 817 368 Valentia
842 330 1044 370 Auxuma
1073 337 1115 370 et
1142 329 1189 370 in
1216 330 1327 371 fame
1355 331 1466 372 nihil
1493 346 1581 372 non
1612 338 1784 386 experta

253 397 510 452 Calagurris.
552 396 611 437 sic
638 394 808 451 recepta
836 397 882 438 in
911 413 1060 452 pacem
1089 399 1318 454 Hispania.
1361 401 1541 442 uictores
1562 403 1690 442 duces
1712 416 1782 442 ex-

253 476 423 509 ternum
462 466 507 507 id
545 466 682 521 magis
723 482 850 521 quam
890 467 1016 509 ciuile
1055 462 1219 510 bellum
1259 470 1395 511 uideri
1434 471 1663 513 uoluerunt
1681 504 1693 522 ,
1735 478 1785 513 ut

253 537 579 591 triumpharent.

523 685 609 725 XI.
647 685 893 726 BELLVM
915 685 1122 727 CIVILE
1145 684 1255 726 SVB
1278 685 1517 727 LEPIDO.
1816 696 1835 727 5

98 820 169 856 111,
185 807 237 847 23
255 808 401 848 Marco
433 807 595 861 Lepido
627 808 791 852 Quinto
820 808 975 849 Catulo
1007 807 1252 849 consulibus
1292 807 1419 848 ciuile
1456 807 1619 848 bellum
1653 824 1789 864 paene

257 876 383 918 citius
405 891 655 931 oppressum
676 885 740 919 est
762 893 890 932 quam
919 877 1139 932 inciperet.
1193 878 1267 918 sed
1303 878 1692 933 quantulacumque
1718 880 1791 920 fax

257 946 374 987 illius
395 953 536 989 motus
559 949 611 989 ab
631 948 724 1002 ipso
742 948 887 989 Sullae
906 962 1008 1002 rogo
1025 947 1209 989 exarsit?
1231 947 1411 1001 cupidus
1427 962 1568 989 rerum
1583 963 1793 990 nouarum

258 1030 333 1070 per
348 1015 622 1058 insolentiam
642 1018 830 1072 Lepidus
852 1025 947 1058 acta
972 1017 1082 1058 tanti
1110 1017 1192 1058 uiri
1213 1017 1450 1059 rescindere
1481 1018 1678 1072 parabat3
1712 1034 1790 1061 nec

258 1086 483 1137 inmerito,
507 1087 544 1128 si
565 1094 708 1128 tamen
727 1095 869 1141 posset
897 1087 988 1128 sine
1017 1102 1175 1141 magna
1203 1088 1322 1128 clade
1353 1087 1413 1128 rei
1440 1088 1650 1142 publicae.
1690 1103 1792 1130 nam
1822 1097 1864 1130 10

260 1171 359 1198 cum
378 1157 469 1198 iure
488 1157 592 1198 belli
614 1158 737 1199 Sulla
758 1158 940 1199 dictator
959 1157 1273 1211 proscripsisset
1293 1157 1506 1207 inimicos,
1529 1158 1603 1212 qui
1623 1173 1791 1212 supere-

260 1233 357 1267 rant
385 1234 612 1268 reuocante
643 1227 805 1281 Lepido
834 1227 936 1281 quid
965 1227 1083 1268 aliud
1103 1241 1230 1280 quam
1251 1228 1303 1267 ad
1322 1227 1486 1268 bellum
1505 1228 1793 1269 uocabantur?

261 1311 442 1350 cumque
478 1298 777 1343 damnatorum
820 1297 981 1338 ciuium
1024 1298 1138 1338 bona
1182 1295 1406 1336 addicente
1443 1296 1565 1338 Sulla
1599 1299 1794 1351 quamuis

261 1366 372 1406 male
393 1373 518 1420 capta
537 1367 627 1408 iure
648 1373 792 1407 tamen
812 1373 1083 1416 tenerentur,
1106 1365 1306 1420 repetitio
1332 1380 1478 1406 eorum
1497 1367 1646 1420 procul
1665 1368 1796 1410 dubio

262 1437 544 1477 labefactabat
564 1436 820 1490 compositae
851 1436 1039 1478 ciuitatis
1061 1443 1236 1477 statum.
1271 1435 1522 1489 expediebat
1552 1451 1651 1491 ergo
1672 1438 1795 1492 quasi
1826 1447 1866 1478 15

263 1520 411 1561 aegrae
442 1505 692 1560 sauciaeque
722 1506 783 1547 rei
822 1506 1020 1560 publicae
1051 1506 1263 1560 quiescere
1292 1507 1710 1562 quomodocumque,
1742 1523 1797 1549 ne

264 1576 441 1620 uolnera
460 1576 678 1617 curatione
698 1576 791 1630 ipsa
811 1576 1163 1617 rescinderentur.
1199 1590 1297 1630 ergo
1317 1591 1415 1617 cum
1437 1577 1616 1619 turbidis
1637 1578 1796 1619 contio·

262 1646 390 1686 nibus
413 1647 534 1687 uelut
556 1647 731 1688 classico
752 1647 973 1687 ciuitatem
994 1646 1235 1695 terruisset,
1269 1647 1483 1700 profectus
1513 1646 1558 1687 in
1581 1648 1796 1689 Etruriam

263 1730 381 1756 arma
400 1715 500 1756 inde
521 1723 563 1757 et
584 1717 817 1757 exercitum
836 1716 933 1756 urbi
953 1716 1223 1756 admouebat.
1262 1717 1336 1757 sed
1355 1715 1440 1756 iam
1458 1717 1678 1758 Muluium
1692 1733 1796 1772 pon-

264 1792 350 1826 tem
372 1786 607 1840 collemque
624 1786 869 1827 Ianiculum
885 1785 1085 1827 Lutatius
1101 1786 1281 1827 Catulus
1298 1786 1533 1841 Gneusque
1550 1787 1796 1841 Pompeius,
1825 1796 1869 1828 20

264 1855 466 1896 Sullanae
487 1856 790 1897 dominationis
811 1858 939 1897 duces
962 1862 1089 1909 atque
1118 1854 1337 1909 signiferi,
1368 1856 1452 1897 alio
1479 1857 1669 1898 exercitu
1687 1857 1798 1898 inse-

264 1926 429 1965 derant.
465 1940 490 1965 a
520 1925 675 1979 quibus
703 1926 841 1980 primo
871 1925 1017 1966 statim
1046 1925 1211 1979 impetu
1231 1932 1343 1966 retro
1363 1926 1514 1980 pulsus
1536 1927 1756 1981 hostisque
1776 1942 1802 1968 a

265 2002 418 2036 senatu
437 1994 650 2036 iudicatus
678 1995 904 2035 incruenta
930 1995 1034 2048 fuga
1063 1995 1306 2043 Etruriam,
1338 1995 1439 2036 inde
1467 1995 1710 2037 Sardiniam
1737 2011 1799 2038 re·

265 2064 418 2114 cessit,
456 2064 601 2118 ibique
633 2065 779 2105 morbo
808 2070 851 2104 et
879 2063 1144 2118 paenitentia
1178 2063 1355 2104 interiit.
1395 2064 1578 2104 uictores
1615 2079 1798 2120 quoque,

267 2135 382 2188 quod
397 2149 484 2175 non
506 2133 768 2175 temerealias
785 2134 829 2174 in
852 2133 1052 2195 ciuilibus
1072 2132 1212 2181 bellis,
1235 2132 1370 2186 partis
1391 2133 1583 2174 contenti
1603 2134 1792 2176 fuerunt.
1829 2144 1872 2176 25

273 2351 286 2382 l
307 2348 488 2382 Termeste
505 2349 586 2383 Vlia
610 2348 738 2394 scripsi
746 2362 758 2381 .·
798 2351 957 2393 tergaest
974 2359 1055 2382 cum
1078 2355 1122 2389 B,
1151 2347 1385 2381 termestudia
1408 2355 1441 2381 N
1455 2347 1466 2393 ΙΙ
1485 2358 1639 2381 auxume
1654 2355 1681 2381 B
1698 2346 1709 2393 ΙΙ
1727 2349 1747 2382 2
1764 2347 1803 2382 in

267 2415 322 2437 om
338 2412 363 2438 Β
381 2405 391 2450 fl
409 2415 495 2449 pace
512 2413 536 2438 Β
554 2405 565 2450 Η
583 2404 745 2450 hispanie
764 2404 783 2438 b
801 2404 811 2450 ΙΙ
832 2408 849 2438 7
878 2409 1052 2450 quantum
1079 2403 1220 2448 lateque
1245 2403 1305 2436 fax
1331 2411 1364 2436 N
1379 2403 1388 2448 Η
1409 2404 1428 2436 8
1455 2402 1554 2437 sillae
1578 2411 1604 2438 B
1621 2403 1632 2449 ΙΙ
1651 2403 1803 2449 cupidus

267 2471 420 2505 namque
437 2471 556 2494 rerum
572 2469 605 2494 N
620 2461 630 2506 ΙΙ
649 2463 668 2494 9
687 2465 766 2494 acta
782 2473 837 2494 om
853 2469 878 2494 B
896 2460 906 2506 Η
924 2472 980 2494 res
1007 2459 1207 2494 rescindere
1230 2467 1256 2493 B
1274 2459 1285 2504 ΙΙ
1306 2461 1341 2492 11
1373 2458 1464 2504 sylla
1487 2467 1513 2493 Β
1531 2459 1541 2504 [Ι
1564 2461 1602 2493 12
1629 2459 1720 2494 aliut
1743 2467 1777 2493 N
1791 2460 1802 2505 ΙΙ

271 2518 311 2549 13
330 2515 410 2549 silla
424 2523 450 2549 Β
468 2516 478 2560 ΙΙ
501 2519 540 2549 14
558 2517 675 2562 capita
690 2526 721 2552 N
737 2518 747 2563 ΙΙ
766 2520 974 2551 tenerentur
989 2515 1112 2549 addidi
1125 2518 1267 2549 auctore
1282 2515 1431 2549 Dukero
1443 2530 1455 2549 .·
1481 2527 1537 2550 om
1551 2524 1611 2550 ΒΝ
1624 2515 1636 2561 Η
1652 2515 1804 2561 repetita

267 2580 292 2606 Β
310 2571 321 2617 ΙΙ
343 2574 383 2605 15
402 2571 634 2616 compositam
653 2572 836 2607 ciuitatem
851 2581 884 2607 N
899 2572 910 2618 ΙΙ
930 2571 1069 2606 ciuitati
1084 2579 1110 2606 Β
1128 2570 1138 2617 ΙΙ
1161 2573 1200 2606 16
1217 2571 1439 2617 requiescere
1465 2580 1498 2605 N
1512 2572 1523 2617 ΙΙ
1541 2583 1586 2606 ne
1609 2583 1664 2606 om
1686 2579 1712 2604 Β
1729 2571 1740 2616 ΙΙ
1762 2573 1801 2604 17

269 2628 420 2662 uulnera
443 2635 468 2660 Β
486 2626 497 2672 ΙΙ
516 2627 613 2661 cutio
637 2628 714 2673 ipsa
729 2637 755 2662 Β
773 2629 783 2675 Ιξ
802 2628 956 2663 turbinis
973 2636 1006 2662 N
1020 2628 1031 2674 ΙΙ
1053 2630 1093 2662 18
1116 2628 1251 2663 etruria
1274 2636 1299 2661 Β
1316 2627 1327 2674 ΙΙ
1349 2630 1388 2662 19
1414 2631 1451 2662 et
1475 2640 1531 2662 om
1555 2635 1581 2662 B
1599 2627 1609 2672 ΙΙ
1635 2626 1802 2660 admoue-

269 2688 324 2719 rat
349 2692 382 2718 N
397 2683 407 2729 ΙΙ
427 2686 469 2718 20
496 2684 603 2718 latius
627 2692 652 2718 Β
670 2684 681 2729 ΙΙ
708 2687 746 2718 21
775 2685 932 2730 syllanae
966 2692 1025 2718 ΒΝ
1039 2684 1050 2729 ΙΙ
1078 2684 1341 2719 dominationes
1370 2691 1396 2718 Β
1413 2683 1424 2729 ΙΙ
1450 2683 1647 2718 insiderant
1668 2691 1694 2717 Β
1718 2682 1729 2727 ΙΙ
1759 2685 1801 2716 22

270 2740 456 2786 hostisque
485 2744 630 2775 senatus
645 2749 671 2775 Β
689 2739 700 2785 ss
719 2743 761 2774 24
778 2740 998 2786 paenitentia
1014 2740 1219 2785 pestilentia
1244 2740 1382 2775 interiit
1404 2747 1439 2774 Ν
1459 2739 1471 2785 ss
1497 2749 1639 2784 quoque
1662 2750 1718 2772 om
1743 2745 1776 2772 N
1790 2738 1802 2784 ss

270 2799 313 2830 25
331 2796 442 2842 partis
466 2796 743 2831 Mommsenius:
762 2795 859 2842 pacis
874 2803 917 2837 Β,
945 2807 1030 2840 pace
1054 2805 1088 2831 N
1112 2798 1123 2843 ΙΙ
1143 2801 1228 2842 post
1248 2797 1395 2832 fuerunt
1419 2796 1462 2830 L·
1491 2795 1636 2829 ΑΝΝΕΙ·
1664 2794 1800 2829 FLORI·

270 2861 454 2888 ΕΡῙΤοΜΑ·
466 2862 516 2888 m:
526 2861 613 2888 turo
624 2844 737 2887 Liv10
754 2861 946 2887 Exrmcrr·
967 2853 1050 2887 Lm·
1071 2861 1134 2887 111·
1155 2854 1177 2888 J
1180 2862 1311 2888 nomn·
1327 2853 1399 2886 L11³
1417 2858 1485 2886 1111
1504 2851 1725 2886 Fanxrmz
1739 2849 1799 2896 ΝΗ
