2002 3320
261 225 384 262 XIIII
903 235 1164 265 PRAEFATlo.

547 348 576 388 p
598 337 667 383 26,
695 339 743 374 15
764 334 1028 388 postumium
1049 336 1144 377 bN:
1173 335 1467 390 posthumium
1489 343 1527 378 B

600 408 668 454 27,
699 407 747 444 18
768 418 918 459 regum
938 406 1032 447 bN:
1063 406 1210 460 legum
1231 411 1269 446 B

600 478 669 524 28,
698 478 746 514 12
769 475 895 516 ahala
915 476 1008 516 bN:
1043 476 1166 517 abala
1186 481 1224 516 B

571 549 664 594 109,
719 549 742 585 2
766 551 896 585 staret
915 550 978 586 B:
1002 552 1163 586 starent
1185 546 1258 587 ὂΝ

266 630 373 670 quae
395 630 492 655 cum
512 614 573 655 ita
594 614 694 664 sint,
719 613 883 655 nemini
901 613 1058 655 mirum
1079 614 1255 665 accidet,
1281 615 1316 656 si
1336 617 1407 657 uel
1428 623 1574 658 contra
1585 621 1653 657 BI
1667 631 1812 658 ueram

264 685 490 726 lectionem
511 685 556 726 in
577 689 626 727 N
642 692 855 726 seruatam
874 699 965 726 esse
985 683 1254 735 inuenimus,
1286 687 1399 739 quod
1428 686 1495 727 his
1526 687 1629 728 locis
1650 688 1811 728 factum

266 770 356 796 esse
376 763 480 810 puto

442 840 469 880 p
493 830 531 876 8,
558 830 608 866 29
632 825 818 866 citauere
838 829 909 866 N:
941 831 990 865 ut
1011 826 1185 866 auderet
1206 829 1274 865 BI

468 902 534 946 11,
589 900 610 935 5
632 894 741 935 mira
759 910 825 936 res
847 894 965 936 dictu
986 899 1035 936 N
1043 913 1056 936 .-
1078 894 1187 936 mira
1206 910 1272 936 res
1294 895 1450 936 dicitur
1470 895 1663 937 extitisse
1683 901 1752 937 BI

466 970 533 1016 32,
592 971 609 1007 1
634 980 719 1006 cos.
745 964 1004 1019 spirantibus
1026 965 1154 1006 altius
1174 969 1244 1007 N:
1266 980 1351 1009 cos,
1385 965 1728 1021 conspirantibus
1748 981 1812 1008 ar-

636 1035 722 1076 tius
742 1038 812 1075 BI

468 1111 535 1156 32,
566 1111 614 1146 10
637 1106 811 1146 consule
831 1105 922 1146 add
937 1109 1006 1146 N:
1029 1119 1094 1145 om
1114 1108 1185 1144 BI

468 1181 534 1226 35,
565 1180 611 1216 12
634 1176 823 1230 ipsorum
843 1179 914 1216 Ν.·
946 1189 1118 1216 suorum
1141 1178 1210 1215 BI

470 1252 536 1296 35,
566 1250 615 1286 30
637 1245 834 1300 hispania
854 1249 926 1286 N:
956 1244 1199 1299 hispaniam
1218 1247 1288 1284 BI

468 1321 534 1366 39,
566 1321 613 1357 13
636 1316 845 1357 exercitus
866 1315 986 1356 illam
1005 1314 1250 1356 hannibalis
1265 1318 1338 1356 N:
1360 1314 1570 1356 exercitus
1590 1315 1710 1356 illam
1729 1315 1815 1356 iam

640 1386 851 1427 annibalis
872 1389 911 1435 I,
937 1384 1148 1426 exercitus
1167 1384 1317 1439 pusilli
1336 1385 1423 1426 iam
1443 1385 1686 1426 hannibalis
1706 1391 1745 1426 B

466 1462 534 1507 40,
565 1461 613 1497 14
636 1457 783 1497 urbem
803 1462 974 1496 tantum
1001 1471 1089 1496 11011
1117 1457 1335 1496 adoratam
1362 1459 1432 1495 N:
1473 1455 1624 1496 urbem
1650 1462 1815 1496 tantam

635 1541 725 1567 non
746 1527 964 1567 adoratam
978 1529 1017 1576 I,
1043 1526 1191 1566 urbem
1212 1532 1346 1566 totam
1365 1539 1454 1566 non
1473 1524 1739 1566 inadoratam
1759 1530 1797 1566 B

469 1601 537 1646 40,
563 1600 615 1637 28
638 1596 936 1638 summouebat
955 1600 1006 1637 N
1016 1614 1029 1637 .·
1062 1602 1351 1637 summouerat
1370 1599 1440 1635 BI

467 1671 536 1717 41,
566 1671 616 1706 14
637 1666 859 1720 utriusque
880 1672 1016 1707 castra
1036 1669 1086 1706 N
1094 1683 1108 1706 .-
1139 1665 1363 1719 utriusque
1383 1664 1528 1706 classis
1549 1672 1687 1706 castra
1706 1669 1776 1706 BI

268 1745 396 1793 atque
415 1736 463 1777 hi
481 1736 566 1777 1001
592 1736 654 1776 ita
688 1735 908 1789 conparati
943 1743 1045 1777 sunt
1080 1743 1129 1776 ut
1159 1736 1332 1776 nullum
1361 1735 1543 1776 dubium
1570 1735 1815 1790 relinquant

268 1808 372 1862 quin
392 1806 581 1861 genuina
601 1805 761 1846 lectio
748 1821 795 1846 1n
814 1809 864 1847 N
879 1813 1049 1847 seruata
1067 1820 1156 1847 non
1176 1806 1418 1847 coniectura
1437 1812 1628 1860 reperta,
1667 1806 1741 1847 sed
1761 1820 1815 1847 ex

267 1877 495 1932 archetypo
514 1875 698 1926 tradita,
722 1876 769 1916 in
788 1879 857 1917 BI
873 1882 1016 1917 autem
1035 1876 1192 1930 partim
1219 1875 1492 1931 neglegentia
1510 1875 1667 1929 partim
1685 1875 1815 1949 inter·

265 1947 443 2003 polandi
462 1946 639 1988 libidine
660 1947 893 2000 deprauata
912 1945 982 1986 sit.

381 2018 508 2062 Quod
527 2018 654 2058 modo
673 2015 900 2071 propositis
921 2015 1023 2057 satis
1044 2017 1306 2070 patefactum
1321 2024 1400 2067 est,
1425 2017 1612 2058 codicem
1626 2021 1667 2056 B
1680 2030 1814 2070 quan·

267 2088 429 2130 tumuis
459 2087 678 2142 egregium
708 2094 852 2128 tamen
871 2087 1002 2127 uerba
1023 2086 1138 2128 Flori
1157 2101 1245 2128 non
1273 2087 1334 2128 ita
1363 2088 1588 2128 emendata
1617 2085 1815 2127 exhibere

267 2165 318 2199 ut
338 2157 494 2199 codicis
514 2162 565 2199 N
579 2157 740 2199 auxilio
761 2171 882 2211 egere
902 2156 1138 2210 possimus,
1169 2157 1214 2198 id
1235 2157 1328 2199 aliis
1351 2171 1519 2212 quoque
1548 2156 1674 2198 rebus
1694 2156 1814 2197 lucu-

267 2230 405 2270 lenter
425 2227 706 2269 demonstrari
725 2234 879 2282 potest.
923 2241 1062 2281 neque
1093 2227 1249 2269 certius
1280 2227 1476 2282 equidem
1496 2226 1587 2267 eius
1608 2226 1670 2267 rei
1690 2241 1813 2280 argu-

267 2305 464 2339 mentum
502 2298 664 2353 reperio
705 2312 832 2352 quam
868 2298 1121 2338 lacunarum
1160 2297 1315 2351 quibus
1351 2304 1531 2352 uterque
1558 2297 1694 2338 codex
1722 2295 1816 2351 pari

267 2370 353 2410 fere
374 2384 565 2419 numero,
592 2375 639 2409 ut
657 2368 731 2409 ille
753 2368 834 2418 ait,
854 2363 1105 2409 ‘instructus
1127 2362 1221 2409 est.‘

383 2440 437 2479 In
457 2443 506 2479 N
521 2453 677 2492 magna
707 2437 782 2478 illa
811 2438 966 2478 lacuna
993 2452 1022 2492 p
1057 2443 1150 2487 110,
1181 2442 1314 2478 1—-24
1342 2436 1388 2478 in
1415 2436 1558 2478 codice
1587 2437 1815 2490 archetypo

268 2509 396 2549 unius
417 2508 503 2548 fere
523 2507 705 2562 paginae
727 2507 914 2561 spatium
933 2507 1174 2562 expleuisse
1193 2507 1387 2558 uidetur,
1421 2507 1516 2548 aliis
1545 2507 1648 2547 locis
1678 2519 1815 2546 unum

268 2593 442 2619 uersum
461 2577 682 2618 librarium
702 2576 913 2619 incuriose
932 2577 1260 2633 praeteruidisse
1280 2577 1520 2618 litterarum
1540 2577 1593 2616 ab
1614 2590 1663 2616 eo
1688 2574 1813 2616 omis-

269 2662 412 2690 sarum
430 2662 507 2702 par
526 2647 613 2688 fere
633 2661 835 2688 numerus
856 2648 1041 2698 indicat,
1064 2655 1114 2689 ut
1133 2647 1369 2689 conferenti
1388 2646 1566 2701 patebit.

447 2732 475 2772 p
501 2722 566 2767 14,
597 2722 643 2758 15
666 2717 844 2758 iuuenes
865 2732 981 2758 more
1002 2717 1188 2759 siderum
1206 2716 1630 2772 praeteruolauerunt

488 2792 556 2838 29,
583 2792 634 2828 20
657 2788 770 2841 quod
789 2787 994 2828 uelocitas
1014 2787 1195 2828 nauium
1214 2787 1321 2828 mari
1340 2786 1560 2827 iuuaretur

488 2863 556 2908 40,
583 2862 634 2899 26
658 2865 828 2899 tantum
848 2858 904 2911 qd
925 2858 977 2897 ab
999 2857 1093 2911 alpe
1114 2857 1387 2898 descenderat
1408 2863 1511 2910 aput
1530 2862 1772 2896 metaurum

489 2933 556 2979 82,
613 2932 635 2968 6
658 2928 748 2969 iure
768 2942 857 2968 rem
877 2926 1092 2981 publicam
1112 2933 1285 2967 senatus
1307 2924 1435 2966 exilio
