2002 3320
855 245 1117 275 ermanno.
1127 286 1132 291 .
1506 235 1750 273 XXXVIIII

195 366 289 394 cum
310 350 429 393 bellis
459 349 648 390 lacerata
677 346 874 388 ciuilibus
905 352 1030 402 atque
1058 345 1255 387 intestino
1283 345 1396 387 malo
1413 359 1570 400 pressa
1599 360 1750 387 rursus

196 422 256 463 ad
273 420 458 476 reqimen
477 418 712 473 sinqularis
733 417 906 472 ivqaerii
922 416 1075 458 recidit
1093 415 1220 471 quasi
1239 417 1300 458 ad
1316 416 1495 458 alteram
1516 415 1750 472 irffantiam

195 491 400 532 reuoluta.
420 489 582 530 amissa
598 487 711 529 enim
726 487 931 538 libertate,
951 502 1077 543 quam
1089 487 1230 528 Bruto
1246 487 1351 528 duce
1365 492 1406 528 et
1419 492 1589 527 auctore
1605 486 1750 541 defim-

194 562 337 610 derat,
362 560 422 602 ita
444 558 660 601 consenuit
681 564 896 614 tamquam
916 564 1154 600 sustentare
1178 572 1223 599 se
1248 557 1344 612 {vsa
1363 572 1447 599 non
1475 557 1639 598 ualeret
1666 555 1754 597 nisi

193 630 450 672 adminiculo
476 629 707 685 reqmztium
729 623 972 671 niteretur’.
1025 635 1370 684 quantacumque
1397 627 1527 668 huius
1548 626 1749 668 distribu-

193 700 321 742 tionis
334 733 346 751 ‚
379 715 509 755 quam
530 716 555 741 a
577 700 739 742 Seneca
759 701 916 741 factam
936 700 1188 742 Lactantius
1207 699 1335 740 refert
1348 730 1360 748 ,
1393 697 1631 739 similitudo
1651 712 1751 738 cum

192 787 242 813 ea
262 779 326 813 est
347 786 476 826 quam
492 771 538 811 in
555 771 671 812 Flori
691 771 800 812 libro
817 770 1055 812 adhibitam
1075 770 1274 825 legimus,
1298 784 1384 810 non
1401 783 1573 824 prorsus
1604 775 1748 809 tamen

190 850 416 896 utramque
436 841 549 882 inter
569 856 613 883 se
635 841 875 896 conspirare
894 842 1063 883 monuit
1081 840 1314 883 rectissime
1334 839 1513 882 Vossius
1544 840 1596 880 de
1616 839 1750 881 histo-

189 913 288 954 ricis
310 914 349 962 Ι,
376 917 444 962 30,
467 918 656 954 ceterum
675 912 844 954 leuibus
865 912 1122 954 coniecturis
1141 911 1271 953 nimis
1291 910 1535 966 indulgens.
1571 915 1619 950 ut
1639 909 1750 950 nihil

191 983 243 1023 de
265 997 315 1023 ea
335 997 378 1022 re
400 982 566 1032 dicam,
598 983 710 1037 quod
740 982 993 1024 Lactantius
1021 983 1074 1023 de
1101 983 1207 1023 urbe
1234 983 1376 1023 Roma
1402 980 1615 1035 loquitur,
1651 995 1751 1020 eum

190 1053 342 1094 Florus
373 1053 583 1106 populum
611 1053 861 1094 Romanum
892 1054 1101 1108 producat
1128 1077 1182 1083 --
1214 1067 1316 1093 nam
1347 1052 1429 1092 hoc
1468 1066 1494 1091 a
1525 1050 1751 1092 Lactantio

188 1129 404 1164 mutatum
423 1122 562 1164 uideri
582 1123 718 1178 possit
737 1149 809 1174 —-‚
831 1138 922 1165 non
940 1123 1066 1164 nouit
1087 1123 1239 1164 Florus
1260 1122 1488 1164 discrimen
1508 1121 1618 1162 illud
1630 1154 1642 1171 ,
1655 1136 1750 1176 .quo

189 1194 352 1234 Seneca
371 1193 599 1235 infantiam
619 1209 645 1235 a
663 1194 850 1250 pueritia
877 1193 1080 1249 seiungit.
1126 1200 1220 1235 tum
1253 1207 1356 1235 uero
1392 1193 1556 1234 Seneca
1583 1193 1749 1234 adules—

187 1264 353 1306 centiae
373 1264 605 1306 terminum
625 1279 725 1306 cum
745 1267 831 1307 fine
850 1265 955 1306 belli
977 1264 1134 1307 Punici
1162 1263 1291 1319 primi
1320 1263 1467 1318 ponit,
1500 1263 1652 1304 Florus
1674 1278 1747 1304 au-

188 1343 277 1377 tem
297 1343 397 1377 ante
417 1334 592 1377 initium
612 1335 704 1377 eius
723 1336 842 1378 belli.
874 1335 1104 1378 infantiam
1124 1334 1241 1376 enim
1260 1348 1395 1389 usque
1417 1334 1472 1375 ad
1490 1333 1747 1384 libertatem,

189 1406 525 1448 adulescentiam
546 1421 681 1461 usque
704 1408 757 1448 ad
778 1415 915 1448 totam
937 1406 1114 1448 Italiam
1137 1406 1360 1447 subactam
1378 1404 1573 1460 porrigit,
1597 1404 1748 1445 iuuen-

190 1484 354 1526 tutem,
387 1491 516 1531 quam
544 1492 573 1531 p
605 1481 675 1527 56,
701 1481 740 1518 8.
778 1482 844 1528 75,
880 1481 902 1517 9
937 1484 1123 1518 aetatem
1155 1475 1485 1517 transmarinam
1511 1481 1662 1524 uocat,
1704 1474 1749 1515 in

188 1548 402 1588 domando
442 1554 532 1588 toto
572 1554 781 1589 terrarum
808 1548 908 1589 orbe
938 1553 1191 1602 occupatam
1221 1546 1359 1601 ponit.
1412 1545 1596 1600 denique
1636 1546 1750 1600 quod

189 1618 305 1673 apud
325 1618 601 1659 Lactantium
621 1619 762 1659 Roma
782 1619 836 1659 ad
863 1618 1055 1674 regimen
1085 1617 1314 1672 singularis
1343 1615 1514 1675 imperii
1543 1615 1667 1671 quasi
1696 1616 1750 1657 ad

187 1688 365 1729 alteram
384 1687 622 1731 infantiam.
635 1689 834 1730 reuoluta
852 1688 1035 1738 dicitur,
1067 1687 1113 1728 id
1141 1702 1244 1729 sane
1270 1702 1359 1728 non
1390 1687 1550 1742 optime
1570 1701 1668 1727 cum
1689 1685 1750 1727 eis

185 1759 366 1813 quadrat
385 1773 493 1813 quae
514 1760 628 1814 apud
647 1759 822 1801 Florum
836 1775 866 1815 p
888 1764 963 1800 105
985 1759 1203 1814 leguntur.
1228 1765 1404 1813 apparet
1422 1757 1557 1812 igitur
1572 1771 1658 1806 eos,
1678 1756 1751 1810 qui

185 1843 239 1870 ex
255 1829 336 1870 hoc
357 1829 574 1870 Lactantii
593 1830 686 1871 loco
702 1831 932 1872 effecerunt
955 1829 1202 1884 scriptorem
1217 1829 1428 1884 epitomae
1451 1830 1502 1870 L.
1522 1829 1752 1869 Annaeum

186 1899 394 1941 Senecam
410 1899 558 1950 fuisse,
580 1915 669 1941 non
685 1900 789 1942 satis
809 1907 1006 1942 accurate
1026 1914 1116 1941 rem
1138 1906 1360 1950 tractasse,
1381 1898 1631 1955 praesertim
1651 1913 1751 1940 cum

184 1970 307 2011 nulla
326 1985 371 2011 re
393 1971 595 2026 explicari
611 1971 760 2026 possit,
784 1973 900 2013 unde
916 1971 1091 2012 tandem
1107 1970 1224 2012 Flori
1239 1985 1396 2012 nomen
1412 1969 1595 2011 uenerit.
1620 1984 1750 2024 quare

185 2040 314 2082 etiam
352 2055 402 2082 ea
437 2041 671 2083 concidunt
707 2055 815 2097 quae
851 2041 952 2083 huic
992 2041 1262 2083 coniecturae
1299 2047 1591 2096 superstructa
1625 2047 1745 2088 sunt,

185 2112 310 2167 quale
331 2119 396 2154 est
416 2113 531 2167 quod
560 2113 612 2154 ab
642 2114 823 2154 Annaeo
853 2113 979 2154 Floro
1010 2112 1240 2155 Octauiam
1275 2112 1475 2167 scriptam
1505 2126 1596 2152 esse
1624 2117 1747 2165 puta-

185 2190 286 2223 runt
306 2183 363 2224 G.
389 2184 426 2224 Ι.
453 2183 631 2225 Vossius
654 2190 781 2238 atque
802 2183 1043 2225 Withofius
1065 2182 1406 2224 coniecturarum
1427 2183 1501 2223 III
1517 2197 1546 2236 p
1568 2186 1644 2222 108
1657 2196 1747 2235 sqq.

185 2253 259 2293 sed
280 2260 424 2294 tamen
444 2254 499 2294 ad
519 2255 553 2295 F
555 2253 635 2294 lori
655 2253 880 2308 ingenium
900 2262 1013 2295 recte
1041 2254 1356 2295 aeStimandum
1384 2252 1621 2307 plurimum
1648 2251 1751 2293 facit

187 2312 300 2376 quod
321 2325 436 2377 apud
456 2324 733 2366 Lactantium
760 2324 959 2379 legimus.
1003 2324 1077 2366 ille
1110 2323 1264 2379 igitur,
1296 2323 1371 2378 qui
1400 2323 1512 2364 nihil
1540 2323 1625 2364 fere
1654 2337 1750 2377 pro·

184 2392 326 2447 prium
344 2392 475 2434 habet
484 2395 598 2448 quod
607 2394 690 2436 sibi
711 2389 791 2436 soli
811 2395 980 2445 debeat,
1001 2394 1131 2436 etiam
1149 2394 1263 2435 hanc
1290 2393 1523 2448 imaginem
1544 2408 1569 2434 a
1589 2393 1750 2435 Seneca

182 2470 406 2505 mutuatus
427 2471 517 2513 est,
540 2479 668 2518 quam
689 2465 914 2507 rhetoricis
934 2464 1169 2521 pigmentis
1190 2471 1427 2506 exornaret.
1461 2471 1675 2515 ceterum,
1700 2471 1750 2506 ut

183 2534 264 2575 hoc
285 2535 441 2575 addam
453 2565 465 2583 ‚
500 2534 666 2576 Seneca
694 2551 720 2577 a
740 2536 967 2578 Lactantio
988 2542 1343 2578 commemoratus
1363 2542 1484 2591 pater
1503 2535 1751 2590 philosophi

183 2604 377 2659 intellegi
398 2606 541 2655 debet,
564 2620 692 2660 quem
711 2606 909 2648 historias
930 2608 983 2648 ab
1013 2606 1138 2648 initio
1158 2607 1370 2648 bellorum
1389 2605 1586 2647 ciuilium
1614 2620 1750 2660 paene

184 2690 319 2730 usque
363 2676 418 2716 ad
463 2676 612 2717 mortis
648 2691 751 2717 suae
786 2677 900 2718 diem
933 2677 1210 2733 perseripssse
1253 2691 1276 2718 e
1318 2676 1559 2731 fragmento
1603 2676 1682 2717 filii
1727 2691 1752 2717 a

183 2745 423 2787 Niebuhrio
462 2747 629 2789 detecto
660 2747 834 2789 scimus.
887 2748 923 2790 is
961 2748 1095 2803 igitur
1121 2762 1222 2789 cum
1256 2754 1522 2789 senectutem
1564 2748 1746 2795 Romae,

186 2830 315 2870 quam
335 2831 359 2858 a
378 2817 503 2859 bellis
533 2817 734 2859 ciuilibus
764 2817 1044 2873 incipientem
1071 2818 1199 2869 fecit,
1237 2817 1533 2872 descripsisset
1546 2848 1558 2866 ‚
1598 2816 1750 2857 Florus

186 2885 414 2929 infantiam
433 2889 770 2931 adulescentiam
790 2888 1066 2931 iuuentutem
1092 2888 1174 2931 sibi
1193 2888 1395 2943 sumpsit.

300 2957 387 2999 Sed
406 2972 502 3001 ecce
521 2959 674 3002 Florus
694 2959 741 3001 in
759 2959 959 3001 manibus
976 2967 1054 3009 est,
1079 2975 1104 3000 a
1119 2974 1204 3014 quo
1230 2958 1446 3012 epitomen
1471 2954 1750 3010 perscriptam
