2002 3320
292 269 371 309 102
942 283 1035 311 ivm
1057 283 1186 312 nom

287 379 512 433 recepisset
540 379 587 419 in
616 378 802 433 regiam,
838 380 1064 433 magnifice
1099 382 1296 436 epulatus
1327 389 1391 424 est
1424 389 1594 438 postero
1621 382 1690 423 die
1719 397 1817 425 cum

289 448 458 489 Petreio
477 448 604 502 fugae
624 448 778 489 comite
799 462 1009 503 superque
1027 464 1196 492 mensas
1225 458 1268 492 et
1294 452 1448 505 pocula
1474 452 1817 494 interficiendum

287 531 331 557 se
352 516 391 556 ei
410 516 620 570 praebuit.
653 517 726 557 ille
746 523 789 557 et
807 517 897 571 regi
927 518 1094 559 suffecit
1124 526 1166 560 ct
1195 520 1299 570 sibi,
1331 535 1429 561 cum
1456 521 1627 562 interim
1666 522 1816 563 semesi

286 585 333 625 in
369 585 509 626 medio
547 585 631 626 cibi
669 592 711 626 et
745 587 982 640 parentalia
1019 588 1178 629 fercula
1212 589 1329 643 regio
1369 590 1496 631 simul
1533 591 1830 645 Romanoque

288 654 497 708 sanguine
518 655 763 696 madebant.
803 657 912 697 Cato
930 671 1018 697 non
1038 657 1232 698 interfuit
1251 659 1378 700 bello.
1418 658 1568 713 positis
1599 668 1702 714 aput
1730 663 1813 701 Ba·
1841 669 1860 701 5

285 725 461 777 gradam
490 724 635 765 castris
664 725 834 766 Vticam
864 726 985 767 uelut
1016 727 1148 768 altera
1177 727 1346 768 Africae
1380 728 1565 769 claustra
1600 731 1809 771 seruabat.

287 795 361 834 sed
391 800 563 848 accepta
581 793 770 848 partium
801 795 918 836 clade
947 796 1058 837 nihil
1088 803 1312 838 cunctatus
1342 804 1406 838 est
1437 804 1502 847 et,
1544 804 1594 838 ut
1621 798 1812 852 sapiente

285 862 465 916 dignum
485 870 598 912 erat,
632 871 812 905 mortem
841 865 921 906 sibi
950 866 1080 906 etiam
1099 866 1236 906 laetus
1258 866 1426 907 accinit.
1459 881 1561 906 nam
1589 874 1813 921 postquam

283 932 421 972 filium
442 932 701 987 comitesque
721 934 776 975 ab
795 935 995 989 amplexu
1015 935 1192 985 dimisit,
1214 935 1261 975 in
1280 943 1449 977 noctem
1476 936 1585 977 lecto
1606 937 1659 976 ad
1678 937 1812 977 lucer-

284 1016 385 1041 nam
414 1002 607 1043 Platonis
637 1003 745 1044 libro
781 1004 854 1057 qui
882 1004 1228 1046 inmortalitatem
1259 1005 1425 1045 animae
1454 1006 1601 1055 docet,
1632 1006 1812 1060 paulum
1841 1014 1884 1046 10

284 1070 417 1124 quieti
438 1072 555 1113 dedit
564 1088 576 1121 ;
602 1078 706 1113 tunc
726 1073 836 1114 circa
850 1073 1030 1127 primam
1045 1074 1241 1128 uigiliam
1257 1074 1402 1115 stricto
1415 1074 1558 1128 gladio
1573 1076 1812 1116 reuelatum

281 1147 431 1193 pectus
453 1142 583 1183 semel
602 1142 839 1196 iterumque
867 1143 1090 1197 percussit.
1125 1143 1218 1184 ausi
1247 1150 1345 1197 post
1374 1143 1455 1184 hoc
1484 1144 1627 1184 uirum
1656 1144 1810 1184 medici

282 1209 441 1254 uiolare
461 1211 675 1252 fomentis.
718 1211 791 1252 ille
811 1226 984 1266 passus,
1007 1213 1110 1253 dum
1131 1213 1426 1262 abscederent,
1458 1213 1630 1254 rescidit
1659 1213 1807 1267 plagas

282 1286 510 1333 secutaque
530 1281 576 1321 ui
596 1280 819 1335 sanguinis
836 1281 1108 1339 moribundas
1129 1295 1282 1322 manus
1310 1281 1357 1330 in
1386 1282 1483 1335 ipso
1508 1283 1680 1323 uolnere
1709 1283 1805 1324 reli-

282 1348 391 1402 quit,
415 1351 526 1403 quod
546 1350 637 1403 ipse
655 1350 723 1391 bis
743 1351 913 1391 fecerat.
1833 1359 1875 1392 15

393 1419 526 1461 Quasi
546 1433 783 1473 numquam
803 1426 911 1460 esset
932 1419 1197 1469 dimicatum,
1221 1419 1280 1460 sic
1297 1433 1413 1460 arma
1427 1421 1572 1461 rursus
1589 1427 1632 1461 et
1647 1427 1804 1475 partes,

279 1494 522 1542 quantoque
542 1489 687 1529 Africa
708 1502 836 1542 supra
856 1489 1121 1530 Thessaliam
1140 1489 1247 1538 fuit,
1277 1496 1399 1529 tanto
1419 1489 1608 1530 Africam
1638 1505 1806 1544 supera-

277 1557 352 1598 bat
371 1557 601 1612 Hispania.
639 1557 874 1611 plurimum
894 1565 1103 1612 quantum
1122 1558 1279 1599 fauoris
1297 1559 1489 1612 partibus
1510 1560 1638 1599 dabat
1658 1560 1804 1600 flater-

276 1625 390 1667 nitas
412 1628 569 1667 ducum
589 1634 631 1667 et
650 1641 729 1681 pro
755 1642 843 1668 uno
871 1628 979 1668 duos
1006 1634 1115 1668 stare
1144 1628 1383 1682 Pompeios.
1419 1628 1562 1682 itaque
1593 1643 1806 1682 nusquam

278 1695 460 1736 atrocius
479 1711 558 1737 nec
579 1703 665 1737 tam
688 1692 864 1750 ancipiti
885 1697 1022 1737 Marte
1044 1711 1294 1738 concursu-m
1324 1704 1401 1738 est.
1434 1697 1619 1751 primum
1646 1698 1693 1737 in
1712 1698 1804 1751 ipso
1831 1705 1876 1738 20

277 1764 384 1805 ostio
405 1765 567 1806 Oceani
586 1767 726 1807 Varus
746 1765 986 1819 Didiusque
1015 1766 1146 1820 legati
1175 1767 1416 1808 conflixere.
1461 1757 1535 1807 sed
1563 1766 1703 1808 acrius
1719 1767 1804 1808 fuit

275 1847 374 1874 cum
393 1834 485 1888 ipso
505 1835 612 1876 mari
633 1850 761 1889 quam
780 1835 892 1876 inter
921 1850 964 1876 se
994 1835 1180 1876 nauibus
1207 1836 1369 1876 bellum
1380 1852 1392 1885 ;
1437 1835 1647 1890 siquidem
1684 1835 1805 1890 quasi

274 1902 458 1943 furorem
478 1904 639 1945 ciuium
660 1905 885 1960 castigaret
905 1905 1101 1946 Oceanus
1131 1911 1355 1959 utramque
1385 1905 1562 1946 classem
1574 1905 1803 1959 *naufragio

275 1972 441 2013 cecidit.
468 1973 642 2027 quinam
661 1974 737 2015 ille·
755 1975 915 2023 horror,
938 1988 1036 2014 cum
1057 1975 1205 2015 eodem
1220 1981 1407 2029 tempore
1422 1974 1578 2016 fluctus
1592 1974 1801 2028 procellae

274 2040 358 2082 uiri
391 2055 523 2082 naues
554 2049 816 2083 armamenta
845 2042 1141 2095 confligerent!
1176 2044 1283 2083 adde
1314 2043 1419 2083 situs
1449 2043 1582 2096 ipsius
1609 2042 1798 2083 formidi-
1826 2051 1870 2083 25

272 2125 397 2159 nem,
433 2111 655 2165 uergentia
681 2111 728 2151 in
755 2125 916 2160 unum,
953 2110 1054 2151 hinc
1085 2110 1347 2164 Hispaniae,
1385 2111 1484 2151 inde
1515 2111 1800 2152 Mauritaniae

273 2179 422 2228 litora,
454 2193 570 2220 mare
591 2186 633 2220 et
652 2180 905 2221 intestinum
926 2186 968 2221 et
984 2186 1207 2220 externum
1233 2179 1574 2234 inminentesque
1598 2179 1799 2221 Herculis

273 2248 489 2301 speculas,
513 2263 612 2289 cum
631 2249 774 2290 omnia
793 2249 983 2302 undique
1004 2248 1131 2289 simul
1149 2248 1308 2302 proelio
1329 2256 1371 2288 et
1391 2255 1641 2302 tempestate
1661 2248 1796 2290 saeui-

272 2324 381 2358 rent.
428 2333 529 2359 mox
563 2318 673 2360 circa
707 2319 970 2360 obsidionem
1002 2317 1174 2358 urbium
1202 2317 1414 2370 utrimque
1444 2317 1680 2360 discursum
1715 2324 1795 2366 est,

273 2400 380 2440 quae
414 2387 591 2429 miserae
625 2387 737 2429 inter
770 2389 848 2430 hos
880 2395 1007 2442 atque
1035 2386 1131 2427 illos
1166 2387 1293 2427 duces
1329 2385 1543 2427 societatis
1576 2387 1795 2427 Romanae
1822 2394 1867 2427 30

273 2508 289 2540 1
308 2507 408 2551 regia
422 2515 447 2541 B
465 2508 476 2554 ΙΙ
494 2514 549 2543 est
564 2521 619 2542 om
634 2517 668 2543 N
682 2509 693 2555 ΙΙ
710 2511 729 2542 3
749 2508 880 2543 sufficit
901 2515 934 2542 N
947 2507 959 2553 {l
977 2507 1129 2541 semensi
1143 2514 1177 2541 N
1190 2506 1201 2552 ΙΙ
1219 2509 1240 2540 4
1257 2506 1328 2540 ciui
1343 2513 1375 2540 N
1390 2506 1401 2550 ss
1419 2505 1576 2550 pericula
1591 2516 1681 2550 quae
1697 2506 1797 2550 regio

269 2569 295 2596 B
312 2562 323 2606 ΙΙ
342 2565 361 2595 5
378 2563 576 2609 positisque
591 2572 625 2598 N
639 2565 651 2610 ΙΙ
669 2567 689 2598 6
706 2563 821 2599 ueluti
835 2572 861 2598 Β
879 2563 890 2608 ΙΙ
908 2563 1036 2597 africae
1064 2567 1178 2596 castra
1192 2570 1218 2597 B
1235 2562 1246 2607 ΙΙ
1266 2565 1283 2595 7
1302 2565 1357 2596 est
1373 2565 1409 2595 et
1423 2560 1572 2604 scripsi:
1599 2564 1653 2594 est
1668 2568 1694 2594 B
1706 2585 1714 2601 ,
1741 2572 1796 2594 om

268 2625 303 2652 N
316 2616 328 2663 ΙΙ
347 2619 367 2651 8
391 2618 460 2653 sibi
483 2630 538 2652 om
552 2627 586 2653 N
600 2619 611 2664 ΙΙ
629 2622 650 2653 9
667 2619 760 2653 filius
775 2627 801 2653 Β
818 2619 830 2665 ll
847 2623 952 2653 nocte
967 2626 999 2652 N
1014 2618 1025 2663 ΙΙ
1047 2619 1084 2650 11
1105 2617 1243 2663 quieuit
1267 2620 1344 2651 tum
1368 2623 1401 2650 N
1415 2615 1427 2661 ΙΙ
1445 2614 1582 2649 strictio
1605 2614 1712 2660 gadio
1727 2622 1759 2648 N
1783 2615 1795 2660 ΙΙ

268 2673 467 2708 reuelatum
483 2684 591 2708 manu
608 2679 774 2719 peecatus
790 2682 821 2707 N
836 2675 848 2719 ΙΙ
870 2677 908 2708 14
927 2674 981 2708 uis
997 2682 1030 2708 N
1044 2673 1055 2719 ss
1073 2672 1222 2707 uulnere
1237 2680 1263 2706 B
1280 2672 1291 2717 ss
1317 2671 1472 2716 reliquid
1494 2677 1527 2705 N
1540 2670 1553 2716 ss
1572 2671 1613 2703 15
1630 2669 1727 2714 quod
1751 2689 1796 2696 —-

268 2728 402 2763 fecerat
417 2740 473 2763 om
487 2737 522 2764 N
534 2729 546 2775 ΙΙ
568 2731 607 2763 16
625 2729 727 2775 quasi
744 2741 816 2762 non
833 2733 927 2764 esset
942 2740 1093 2774 usquam
1106 2727 1313 2762 dimicatum
1334 2734 1370 2761 N
1381 2726 1392 2771 ΙΙ
1407 2728 1452 2759 17
1477 2724 1662 2759 thessaliam
1678 2733 1704 2759 Β
1721 2725 1733 2770 l}
1755 2727 1794 2759 19

269 2784 342 2819 duo
356 2791 390 2819 N
404 2783 415 2829 ΙΙ
433 2785 474 2818 21
492 2784 611 2820 hostio
626 2792 652 2819 Β
668 2784 680 2830 ΙΙ
698 2784 822 2818 ocanni
840 2784 859 2817 ὁ
876 2785 888 2829 ΙΙ
906 2785 1028 2819 uarius
1050 2792 1075 2818 B
1093 2783 1104 2828 ΙΙ
1122 2785 1165 2817 22
1191 2783 1292 2817 uelut
1315 2782 1470 2816 furorem
1497 2779 1650 2814 ciuieum
1672 2787 1706 2813 N
1719 2780 1731 2826 Η
1749 2782 1792 2813 23

268 2839 378 2874 classe
394 2848 420 2874 Β
437 2839 449 2886 [Ι
466 2842 510 2874 24
532 2839 700 2875 fiuctibus
715 2847 751 2881 B,
770 2839 908 2873 fruetus
923 2846 956 2872 N
970 2839 981 2883 ΙΙ
999 2841 1041 2872 25
1059 2849 1157 2872 arma
1179 2842 1215 2873 et
1231 2841 1390 2872 armenta
1403 2844 1430 2872 Β
1446 2835 1458 2881 ΙΙ
1475 2835 1657 2870 adesituus
1672 2842 1706 2870 N
1720 2834 1731 2880 ΙΙ
1750 2837 1794 2869 26

267 2895 433 2941 urgentia
453 2903 480 2930 Β
502 2895 515 2941 ss
539 2895 735 2941 inispaniae
750 2902 776 2930 Β
793 2894 804 2941 ΙΙ
821 2893 1030 2929 moritaniae
1058 2894 1077 2927 b
1095 2893 1106 2938 ΙΙ
1124 2895 1166 2926 27
1194 2897 1375 2928 esternum
1398 2899 1424 2926 Β
1440 2891 1452 2936 [l
1470 2892 1514 2925 28
1538 2895 1574 2925 et
1599 2902 1654 2924 om
1676 2897 1704 2926 Β
1718 2890 1730 2936 ΙΙ
1748 2892 1791 2924 2¹.)

268 2951 471 2985 obsidiones
486 2958 519 2985 N
533 2950 544 2995 ΙΙ
564 2953 605 2985 30
622 2961 740 2985 romae
756 2958 781 2985 Β
798 2949 811 2995 Η
