2002 3320
644 230 842 260 ΕΡιΤοΜΑ
862 232 914 267 11,
939 225 980 258 13
1005 217 1113 272 [1111,
1137 217 1192 272 2].
1629 219 1709 258 103

174 346 331 387 poenas
350 330 525 372 dabant.
558 329 751 371 omnium
770 336 984 383 postrema
1002 328 1287 371 certaminum
1305 329 1487 370 Munda.
1529 327 1600 368 hic
1620 342 1707 369 non

174 417 254 457 pro
269 407 409 442 cetera
427 397 657 448 felicitate,
679 400 752 441 scd
773 413 931 453 anceps
950 406 993 440 et
1012 398 1088 440 diu
1107 398 1227 440 triste
1246 397 1484 453 proelium,
1511 404 1560 438 ut
1579 397 1707 451 plane

174 470 388 514 uideretur
405 467 549 510 nescio
569 468 673 522 quid
683 468 915 510 deliberare
927 469 1131 510 Fortuna.
1156 483 1259 510 sane
1275 475 1319 510 et
1338 468 1430 522 ipse
1450 474 1552 508 ante
1571 467 1709 508 aciem

172 538 371 584 maestior
389 553 478 579 non
499 552 553 579 ex
571 551 686 579 more
702 538 875 587 caesar,
898 538 991 580 siue
1004 546 1200 592 respectu
1213 537 1458 592 fragilitatis
1473 537 1705 586 humanae,

127 618 155 650 5
175 609 266 651 siue
299 607 478 649 nimiam
511 621 808 662 prosperorum
841 602 1086 662 suspectam
1121 608 1284 649 habeus
1318 606 1704 656 continuationem,

103 965 145 997 10

172 679 244 720 uel
264 679 413 720 eadem
432 677 605 727 timens,
625 682 855 732 postquam
872 676 988 719 idem
997 691 1087 719 esse
1107 684 1302 731 coeperat
1318 677 1433 730 quod
1448 675 1703 730 Pompeius;

172 755 214 789 et
243 748 290 788 in
322 747 415 801 ipso
445 746 630 801 proelio,
661 747 774 800 quod
802 760 930 787 nemo
958 761 1165 801 umquam
1191 746 1467 795 meminerat,
1502 760 1602 787 cum
1631 745 1706 786 diu

171 817 263 871 pari
283 817 423 858 Marte
444 816 554 857 acies
573 814 685 856 nihil
705 814 888 870 amplius
908 830 1037 871 quam
1052 816 1308 865 occiderent,
1329 815 1379 856 in
1395 815 1538 858 medio
1559 817 1705 857 ardore

173 885 463 940 pugnantium
482 885 624 928 subito
643 884 797 939 ingens
816 884 929 926 inter
947 892 1150 940 utrosque
1177 884 1399 927 silentium
1410 917 1423 935 ,
1453 885 1576 940 quasi
1605 900 1703 927 con-

174 956 361 998 uenisset
381 962 426 996 et
443 954 514 995 hic
534 954 728 996 omnium
747 969 895 996 sensus
915 962 1026 996 esset
1040 951 1144 1009 ‘quo
1163 970 1299 1009 usque
1318 950 1531 996 bellum?³
1562 954 1705 996 nouis-

174 1026 279 1067 sime
304 1024 562 1066 inusitatum
581 1024 774 1066 Caesaris
802 1025 938 1066 oculis
965 1025 1106 1066 nefas:
1139 1032 1237 1079 post
1263 1025 1606 1080 quattuordecim
1632 1040 1706 1066 an-

172 1110 250 1136 nos
269 1095 450 1149 probata
467 1100 768 1151 ueteranorum
786 1109 941 1135 manus
958 1095 1140 1148 gradum
1158 1102 1275 1136 retro
1292 1095 1435 1145 dedit,
1464 1110 1570 1150 quos
1581 1127 1596 1145 ,
1627 1095 1707 1136 etsi

171 1165 364 1206 nondum
382 1164 607 1217 fugerant,
636 1163 834 1218 apparuit
861 1170 1010 1204 tamen
1028 1165 1190 1219 pudore
1218 1165 1355 1220 magis
1386 1180 1515 1219 quam
1544 1165 1706 1206 uirtute

171 1233 378 1276 resisteress
420 1232 566 1287 itaque
595 1232 669 1274 ille
700 1233 896 1287 ablegato
924 1248 1033 1287 equo
1068 1234 1220 1276 similis
1254 1235 1415 1276 furenti
1447 1235 1631 1289 primam
1660 1235 1707 1276 in

105 1312 151 1345 15·
173 1303 308 1344 aciem
335 1302 560 1357 procurrit.
607 1301 667 1342 ibi
694 1317 894 1356 prensare
923 1302 1155 1357 fugientis,
1187 1306 1436 1346 confirmare
1465 1304 1703 1359 signiferos,

171 1387 288 1414 orare
308 1372 496 1421 hortari,
517 1386 593 1426 per
613 1377 753 1412 totum
772 1371 960 1425 denique
977 1386 1131 1426 agmen
1151 1374 1286 1415 oeulis
1304 1374 1502 1416 manibus
1523 1375 1706 1416 clamore

170 1442 364 1484 uolitare.
388 1440 544 1482 dicitur
564 1440 609 1482 in
630 1439 706 1481 illa
724 1441 1043 1494 perturbatione
1064 1449 1108 1483 et
1126 1443 1179 1483 de
1209 1443 1409 1485 exn-emis
1440 1444 1623 1499 agitasse
1644 1459 1706 1485 se-

172 1526 272 1553 cum
300 1510 609 1564 manifestoque
638 1510 764 1552 uoltu
789 1510 944 1561 fuisse,
983 1511 1105 1565 quasi
1133 1527 1338 1567 occupare
1367 1520 1548 1555 mortem
1575 1528 1708 1554 manu

101 1599 107 1607 ·
178 1581 309 1624 uellet
320 1596 332 1630 3
372 1579 458 1622 nisi
487 1580 680 1622 cohortes
708 1580 898 1622 hostium
924 1580 1112 1636 quinque
1140 1596 1215 1637 per
1252 1589 1539 1624 transuersam
1573 1583 1708 1624 aciem

103 1661 148 1693 20

102 2006 146 2039 25

177 1659 322 1700 actae,
354 1664 458 1703 quas
488 1649 707 1692 Labienus
724 1650 1064 1705 periclitantibus
1094 1652 1245 1694 castris
1273 1653 1486 1708 praesidio
1515 1654 1705 1702 miserat,

173 1720 358 1775 speciem
382 1719 512 1773 fugae
549 1719 856 1774 praebuissent.
904 1720 986 1761 hoc
1013 1727 1088 1762 aut
1116 1711 1161 1763 et
1185 1722 1278 1777 ipse
1307 1723 1488 1764 credidit
1515 1730 1592 1764 aut
1619 1724 1709 1765 dux

172 1790 352 1834 callidus
387 1788 567 1846 arripuit
593 1788 640 1830 in
676 1790 964 1840 occasionem,
1002 1798 1045 1832 et
1075 1791 1199 1847 quasi
1223 1792 1272 1832 in
1305 1789 1519 1846 fu'gientes
1549 1800 1592 1834 et
1622 1793 1708 1835 iam

174 1860 312 1900 uictos
331 1859 460 1901 simul
479 1866 522 1900 et
542 1873 717 1901 suorum
736 1859 872 1901 erexit
899 1859 1064 1902 animos
1086 1869 1129 1902 et
1148 1861 1286 1902 hostis
1314 1861 1510 1915 perculit.
1543 1877 1646 1903 nam
1665 1871 1708 1903 et

174 1929 236 1978 hi,
259 1930 365 1971 dum
383 1943 428 1970 se
446 1935 603 1983 putant
623 1929 813 1979 uincere,
834 1929 986 1972 fortius
1006 1930 1143 1985 sequi,
1162 1939 1204 1972 et
1226 1931 1494 1986 Pompeiani,
1517 1933 1622 1972 dum
1641 1932 1706 1972 fu-

172 2013 270 2052 gere
291 1999 470 2040 credunt
490 2013 615 2049 suos,
645 1999 791 2053 fugere
811 2007 1055 2053 coeperunt.
1099 2008 1262 2054 quanta
1286 2001 1416 2043 fuerit
1444 2001 1490 2042 iu
1510 2002 1707 2043 hostibus

172 2067 399 2109 caedendis
418 2067 484 2108 ira
500 2068 721 2122 rabiesque
742 2068 992 2118 uictoribus,
1016 2069 1075 2111 sic
1096 2070 1311 2112 aestimari
1340 2078 1504 2125 potest,
1538 2073 1653 2125 quod
1683 2087 1708 2111 a

171 2136 331 2191 proelio
351 2137 520 2191 profugi
541 2152 640 2178 cum
660 2152 703 2179 se
724 2139 938 2179 Mundam
957 2139 1218 2193 recepissent
1230 2171 1244 2190 ,
1276 2147 1319 2181 et
1349 2141 1504 2181 Caesar
1524 2140 1708 2181 obsideri

175 2205 321 2247 statim.
339 2205 476 2248 uictos
507 2206 783 2260 imperasset,
820 2207 1033 2261 congestis
1064 2209 1342 2250 cadaueribus
1372 2223 1500 2263 agger
1532 2210 1706 2251 effectus

178 2395 197 2426 3
215 2393 365 2427 liberare
381 2401 405 2426 B
423 2393 434 2437 ss
453 2395 471 2427 4
487 2394 637 2428 caesaris
654 2385 717 2428 sire
733 2402 758 2428 B
776 2394 787 2440 ΙΙ
804 2403 1005 2441 respectum
1022 2405 1067 2438 B,
1086 2402 1270 2442 respectus
1286 2406 1318 2432 N
1333 2399 1344 2444 ΙΙ
1364 2402 1382 2432 7
1408 2404 1445 2433 et
1466 2399 1594 2444 scripsi
1606 2414 1618 2432 .-
1643 2400 1707 2434 sed

172 2456 231 2482 BN
246 2449 257 2494 ss
276 2451 296 2483 8
312 2449 405 2483 nihil
420 2449 520 2483 aliud
528 2458 676 2496 quamN
689 2451 701 2496 fl
724 2452 763 2485 10
780 2457 816 2485 et
833 2451 891 2486 hic
907 2452 1162 2486 Monnnsenins
1175 2467 1186 2486 :
1205 2454 1243 2488 in
1259 2454 1316 2488 hic
1332 2463 1368 2496 B,
1389 2455 1447 2489 hic
1462 2463 1496 2489 N
1510 2455 1522 2501 ss
1538 2461 1615 2489 erat
1630 2464 1663 2489 N
1677 2458 1688 2501 Η

177 2504 312 2539 bellum
328 2504 583 2539 Mommsenius
595 2519 607 2538 .-
625 2505 728 2540 illum
742 2515 768 2541 B
785 2508 797 2552 ΙΙ
815 2519 889 2553 quo
905 2519 1017 2554 usque
1034 2508 1170 2543 bellum
1186 2522 1240 2543 om
1257 2518 1291 2544 N
1304 2513 1315 2555 Η
1337 2513 1373 2545 11
1386 2511 1599 2546 inusitatum
1615 2511 1705 2546 illud

173 2567 206 2593 Ν
219 2561 232 2604 Ι]
254 2562 293 2594 12
310 2560 409 2606 quod.
422 2568 455 2594 N
469 2560 481 2605 ΙΙ
502 2562 543 2594 13
560 2560 727 2606 fugerant
741 2563 914 2597 Heimius
926 2577 938 2595 :
963 2563 1107 2609 fugerat
1116 2572 1175 2600 BN
1189 2565 1201 2610 ΙΙ
1218 2566 1412 2611 apparebat
1429 2575 1462 2601 Ν
1477 2567 1489 2612 ΙΙ
1509 2570 1549 2600 14
1570 2567 1630 2601 illc
1649 2580 1705 2600 om

172 2622 206 2649 N
220 2619 232 2660 ss
254 2618 293 2649 15
310 2615 490 2661 fugientes
506 2624 539 2651 N
553 2616 566 2662 ss
582 2616 772 2662 signiferos
789 2629 890 2653 orare
906 2618 1042 2653 hortari
1061 2628 1158 2654 omN
1171 2620 1183 2665 ΙΙ
1204 2623 1374 2657 l’c'secum
1392 2627 1429 2657 et
1447 2622 1498 2657 ita
1514 2623 1704 2656 manifesto

176 2670 321 2705 uoltuN
336 2671 347 2716 ss
369 2671 556 2706 18uu1tus
574 2672 585 2717 ss
606 2674 647 2707 19
664 2672 735 2707 nisi
750 2673 848 2718 quod
864 2673 1028 2708 cohortes
1035 2682 1101 2717 BN,
1121 2677 1220 2722 quod
1230 2690 1320 2719 οηις
1336 2679 1348 2723 ΙΙ
1365 2681 1408 2713 20
1417 2677 1705 2724 pariclitantibus

170 2733 196 2759 B
212 2726 227 2771 fl
243 2728 414 2761 21autem
430 2735 456 2761 B
473 2727 485 2772 ΙΙ
504 2729 545 2762 22
563 2727 729 2762 attribuit
743 2735 776 2762 N
791 2728 804 2774 ss
821 2729 1171 2775 quasifugientemN
1185 2733 1197 2779 u
1214 2733 1286 2768 iam
1295 2734 1411 2768 uictos
1419 2733 1569 2778 sempsi:
1589 2732 1703 2766 inuic-

171 2785 228 2814 tos
242 2789 280 2822 Β,
300 2781 465 2817 inuectus
479 2791 513 2817 N
528 2783 540 2829 ss
558 2785 599 2817 23
618 2782 793 2818 namhiN
807 2783 820 2829 fl
838 2786 882 2820 24
897 2785 999 2831 sequi
1014 2785 1053 2821 in
1074 2789 1279 2834 pompeiani
1295 2797 1329 2823 N
1343 2789 1355 2834 [Ι
1373 2791 1415 2822 25
1435 2789 1473 2822 in
1488 2787 1611 2820 addidi
1617 2801 1629 2819 :
1648 2799 1702 2820 om

175 2836 259 2880 BNss
276 2835 434 2872 hostium
450 2839 575 2873 caedes
590 2847 624 2873 N
638 2839 650 2885 ΙΙ
669 2841 712 2873 26
729 2839 909 2877 caedentis
927 2840 947 2875 ὀ
963 2841 976 2888 [Ι
993 2842 1180 2878 aestimare
1206 2844 1226 2877 b
1244 2845 1255 2888 ll
1273 2849 1394 2889 posset
1409 2851 1434 2877 B
1452 2843 1463 2887 Η
1481 2843 1548 2877 hoc
1566 2854 1587 2876 a
1602 2855 1703 2888 proe-

176 2890 227 2925 lio
243 2899 277 2925 N
290 2892 302 2936 ΙΙ
320 2894 361 2926 27
379 2891 512 2927 munda
529 2901 559 2927 N
575 2894 586 2938 Η
605 2897 646 2928 28
666 2894 781 2929 uictor
795 2904 821 2930 B
838 2896 849 2941 [l
