2002 3320
262 244 315 284 60
914 259 1007 287 1v1.1
1029 259 1158 287 ηοω

262 355 406 404 fuerit,
430 356 501 395 uel
520 354 622 395 hinc
642 354 854 396 aestimari
873 363 1027 410 potest,
1051 358 1164 411 quod
1184 364 1226 398 et
1247 357 1463 400 Domitius
1483 358 1791 399 Ahenobarbus

262 430 306 464 et
326 423 483 465 Fabius
505 423 721 464 Maximus
742 423 845 477 ipsis
884 425 1038 478 quibus
1067 426 1374 468 dimicauerant
1400 427 1503 468 locis
1537 441 1683 469 saxeas
1705 441 1790 468 ere-

266 506 364 531 xere
384 498 520 532 turres
537 499 579 533 et
595 494 774 546 desuper
789 500 993 534 exornata
1008 495 1135 536 armis
1151 495 1377 537 hostilibus
1393 503 1564 550 tropaea
1577 498 1766 537 fixerunt
1775 513 1787 546 ;

263 574 365 600 cum
385 560 454 601 hic
476 576 566 602 mos
587 561 819 603 inusitatus
839 562 967 603 fuerit
987 562 1158 603 nostris.
1200 578 1437 618 numquam
1465 565 1579 606 enim
1608 566 1791 620 populus

268 630 489 671 Romanus
509 631 703 672 hostibus
724 631 895 674 domitis
914 631 1138 675 uictoriam
1159 634 1443 686 exprobrauit.
1825 643 1845 675 5

381 791 628 831 XXXVII
664 792 908 833 BELLVM
932 793 1283 835 CIMBRICVM
1301 793 1696 835 TEVTONICVM

845 862 1106 903 HGVRIN
1110 864 1214 904 VM

124 996 196 1031 111,
221 982 245 1021 3
267 981 430 1024 Cimbri
452 981 637 1023 Teutoni
656 989 783 1037 atque
804 983 1002 1038 Tigurini
1018 985 1070 1025 ab
1087 985 1285 1026 extremis
1302 985 1471 1027 Galliae
1486 984 1677 1038 profugi,
1699 999 1797 1025 eum

267 1059 397 1093 terras
419 1066 564 1092 eorum
583 1052 834 1093 inundasset
855 1054 1076 1103 Oceanus,
1099 1068 1235 1095 nouas
1257 1057 1375 1095 sedes
1396 1061 1486 1095 toto
1507 1055 1605 1095 orbe
1625 1068 1796 1107 quaere·

266 1123 394 1170 bant,
417 1121 662 1174 exclusique
684 1128 726 1161 et
747 1122 892 1162 Gallia
912 1129 954 1163 et
974 1122 1189 1176 Hispania
1209 1136 1308 1162 cum
1327 1122 1373 1161 in
1395 1123 1568 1163 Italiam
1588 1123 1794 1176 demigra·
1826 1129 1866 1162 10

267 1197 378 1240 rent,
401 1190 552 1231 misere
572 1191 733 1244 legatos
753 1191 800 1230 in
819 1198 956 1231 castra
977 1191 1138 1240 Silani,
1161 1191 1261 1231 inde
1282 1192 1336 1231 ad
1356 1198 1576 1241 senatum,
1599 1198 1793 1245 petentes

267 1267 316 1301 ut
337 1259 519 1300 Martius
539 1259 723 1313 populus
753 1260 915 1314 aliquid
942 1260 1023 1300 sibi
1051 1268 1186 1301 terrae
1215 1262 1334 1301 daret
1365 1261 1487 1314 quasi
1517 1261 1792 1315 stipendium,

267 1336 455 1370 ceterum
474 1335 523 1369 ut
543 1329 674 1369 uellet
694 1329 891 1369 manibus
922 1335 1048 1383 atque
1078 1329 1204 1370 armis
1234 1329 1321 1370 suis
1353 1337 1556 1371 uteretur.
1590 1331 1663 1371 sed
1692 1344 1796 1384 quas

265 1399 385 1438 daret
405 1404 534 1438 terras
555 1398 738 1452 populus
758 1399 981 1439 Romanus
1011 1398 1184 1452 agrariis
1213 1398 1379 1452 legibus
1406 1399 1519 1447 inter
1548 1413 1592 1440 se
1622 1399 1794 1440 dimica-

267 1467 413 1509 turus?
446 1467 606 1520 repulsi
625 1467 758 1521 igitur
770 1499 783 1517 ,
817 1469 930 1521 quod
949 1467 1232 1521 nequiuerant
1252 1468 1446 1521 precibus
1460 1501 1473 1518 ,
1508 1468 1633 1509 armis
1653 1475 1796 1522 petere
1825 1475 1867 1507 15

266 1543 510 1590 coeperunt.
554 1538 627 1578 sed
656 1551 735 1578 nec
761 1536 948 1591 primum
968 1536 1176 1591 impetum
1194 1537 1469 1578 barbarorum
1490 1537 1687 1591 Silanus,
1718 1551 1798 1577 nec

267 1607 503 1647 secundum
534 1606 766 1655 Manilius,
804 1621 883 1646 nec
914 1606 1087 1647 tertium
1116 1606 1274 1660 Caepio
1303 1606 1511 1647 sustinere
1539 1612 1794 1661 potuerunt3

266 1690 411 1716 omnes
432 1676 585 1730 fugati,
609 1676 728 1716 exuti
749 1676 910 1728 castris.
945 1683 1089 1717 actum
1109 1683 1199 1716 erat
1212 1707 1225 1725 ,
1248 1675 1333 1716 nisi
1354 1676 1518 1717 Marius
1546 1676 1611 1717 illi
1632 1676 1799 1716 saeculo

266 1745 529 1800 contigisset.
554 1745 627 1786 ille
645 1760 811 1799 quoque
827 1760 915 1786 non
932 1760 1060 1786 ausus
1077 1745 1277 1800 congredi
1294 1733 1441 1786 statim
1455 1745 1639 1786 militem
1658 1744 1799 1786 tenuit

265 1816 311 1855 in
332 1815 495 1865 castris,
519 1817 652 1856 donec
669 1815 836 1856 inuicta
855 1815 932 1855 illa
950 1815 1088 1856 rabies
1109 1822 1152 1856 et
1172 1815 1375 1869 impetus,
1400 1829 1528 1869 quem
1546 1829 1622 1868 pro
1637 1814 1798 1855 uirtute
1825 1820 1870 1853 20

265 1885 433 1925 barbari
453 1885 630 1934 habent,
653 1891 985 1925 consenesceret.
1018 1899 1227 1925 recessere
1247 1884 1380 1938 igitur
1399 1884 1665 1938 increpantes
1687 1889 1730 1923 et
1745 1906 1801 1912 ——

266 1960 389 1994 tanta
418 1961 507 1994 erat
537 1954 766 2008 capiendae
798 1954 914 1995 urbis
945 1954 1103 1995 fiducia
1132 1978 1189 1984 —
1219 1954 1514 2003 consulentes,
1547 1953 1583 1994 si
1613 1951 1716 2006 quid
1746 1952 1799 1991 ad

267 2037 419 2064 uxores
440 2037 537 2063 suas
566 2024 832 2063 mandarent.
875 2037 955 2063 nec
984 2023 1159 2076 segnius
1191 2037 1319 2076 quam
1349 2022 1503 2063 minati
1531 2022 1700 2062 fuerant
1727 2020 1799 2060 tri—

265 2091 420 2145 pertito
442 2091 610 2146 agmine
631 2091 677 2132 in
697 2092 844 2145 Alpes,
867 2091 911 2132 id
932 2098 995 2132 est
1015 2092 1202 2132 claustra
1222 2091 1394 2140 Italiae,
1423 2090 1681 2130 ferebantur.
1708 2090 1801 2129 Ma·
1826 2099 1831 2108 “

266 2161 354 2202 rius
374 2161 482 2201 mira
502 2161 647 2202 statim
666 2160 892 2201 uelocitate
915 2160 1130 2214 occupatis
1153 2160 1415 2214 compendiis
1446 2158 1670 2214 praeuenit
1701 2158 1798 2199 hos·
1826 2165 1870 2198 25

268 2237 378 2280 tem,
400 2230 643 2284 prioresque
664 2231 880 2270 Teutonos
911 2231 990 2271 sub
1010 2230 1112 2284 ipsis
1134 2230 1311 2283 Alpium
1331 2229 1544 2270 radicibus
1574 2229 1799 2268 adsecutus

268 2300 313 2339 in
333 2300 425 2340 loco
447 2314 572 2353 quem
591 2300 737 2353 Aquas
759 2299 926 2341 Sextias
953 2306 1110 2340 uocant
1140 2313 1223 2353 quo
1257 2323 1310 2329 —
1337 2300 1467 2339 fidem
1494 2297 1725 2339 numinum
1743 2321 1800 2327 -—

267 2369 425 2421 proelio
446 2368 675 2422 oppressit!
716 2369 876 2410 uallem
904 2368 1172 2422 fluuiumque
1198 2367 1386 2408 medium
1417 2367 1561 2407 hostes
1582 2366 1799 2415 tenebant,

268 2437 422 2478 nostris
443 2452 648 2491 aquarum
664 2438 786 2478 nulla
805 2438 939 2492 copia.
974 2439 1224 2479 consultone
1245 2437 1288 2478 id
1310 2436 1444 2490 egerit
1464 2436 1716 2490 imperator,
1747 2449 1801 2476 an

273 2648 285 2679 l
307 2644 529 2680 naeobarbus
545 2653 577 2678 N
592 2646 603 2691 ΙΙ
622 2648 641 2679 2
658 2646 696 2680 in
713 2647 800 2681 locis
816 2657 848 2682 N
862 2649 873 2693 11
892 2652 911 2682 4
929 2649 1122 2683 inusitatos
1140 2649 1159 2682 b
1178 2648 1189 2694 ss
1209 2650 1227 2681 5
1246 2647 1435 2682 uictoriam
1451 2658 1552 2681 suam
1569 2646 1800 2692 exprobrauit

267 2710 300 2736 N
315 2702 326 2746 ΙΙ
344 2704 364 2735 6
382 2708 540 2735 xxxvm
555 2708 580 2734 B
597 2700 608 2744 ΙΙ
627 2709 854 2737 ermmcvn
870 2712 895 2738 B
912 2705 923 2749 11
943 2708 960 2738 7
980 2712 1209 2738 'rmvnmvm
1225 2712 1262 2745 B,
1282 2702 1483 2737 tibur-inum
1498 2709 1531 2735 N
1545 2700 1555 2746 ΙΙ
1573 2703 1594 2734 9
1612 2701 1720 2735 sedex
1736 2709 1767 2735 N
1783 2701 1795 2747 ΙΙ

273 2760 312 2791 10
329 2757 563 2802 remigrarent
577 2765 611 2791 N
624 2757 636 2802 ΙΙ
658 2759 694 2790 11
714 2761 879 2802 potentes
898 2758 917 2791 b
935 2759 945 2803 Η
976 2761 1014 2791 14
1034 2759 1129 2793 intra
1143 2767 1177 2793 N
1198 2759 1209 2803 ΙΙ
1240 2761 1281 2792 16
1306 2760 1479 2803 ceperunt
1500 2764 1543 2797 B,
1571 2756 1797 2790 constituunt

268 2822 300 2847 Ν
315 2814 325 2857 ΙΙ
348 2815 387 2858 18
404 2812 492 2857 fuga
506 2820 531 2846 B
549 2812 559 2858 ΙΙ
589 2814 628 2846 19
645 2813 882 2858 contiguisset
898 2821 930 2846 Ν
954 2813 965 2857 Η
991 2816 1033 2847 24
1053 2825 1116 2858 per
1132 2814 1229 2858 alpes
1255 2821 1289 2847 Ν
1302 2813 1313 2858 ΙΙ
1331 2814 1374 2846 26
1399 2815 1566 2846 teutonas
1588 2818 1647 2844 BN
1661 2811 1671 2856 ΙΙ
1699 2811 1799 2846 adse-

267 2873 369 2902 cutos
392 2876 417 2902 B
445 2868 455 2913 ΙΙ
483 2870 525 2901 27
544 2879 615 2913 quo
631 2867 737 2902 fidem
755 2868 973 2902 Salmasius.-
998 2879 1062 2913 pro
1088 2868 1157 2902 fide
1173 2877 1217 2909 B,
1245 2867 1392 2913 quaside
1407 2867 1465 2911 ΝΗ
1483 2868 1526 2901 28
1544 2866 1722 2912 obpressit
1736 2875 1769 2901 N
1782 2866 1794 2912 ΙΙ

271 2926 311 2957 29
331 2924 564 2958 consulatone
579 2931 612 2957 N
627 2924 638 2970 ΙΙ
