2002 3320
235 233 336 272 VIII
874 238 1136 268 PRAEFAno.

237 341 370 383 ratius
391 339 603 395 inquirere
623 338 753 388 uelit,
777 326 888 380 nihil
907 353 961 380 ex
981 342 1012 379 I
1026 335 1220 379 adnotari
1249 336 1362 390 quod
1391 349 1479 379 non
1498 334 1546 376 in
1566 333 1782 377 codicibus

235 411 298 452 ita
331 411 536 465 scriptum
569 409 749 463 legatur.
801 423 900 450 cum
933 409 995 450 ita
1029 409 1082 448 de
1112 421 1215 447 uera
1243 404 1437 446 Iordanis
1464 404 1645 446 lectione
1674 404 1784 446 mihi

237 487 470 529 constaret,
508 478 705 533 apparuit
735 493 865 532 quam
899 484 988 518 arte
1023 491 1121 517 cum
1140 474 1447 535 Bambergensi
1476 474 1584 515 libro
1618 473 1785 529 conspi-

235 558 324 600 ret,
362 549 482 591 cuius
508 548 711 590 lectiones
742 547 899 601 ubique
928 547 1014 587 fere
1041 547 1289 594 confirmat,
1312 544 1374 585 ita
1413 551 1558 586 tamen
1586 550 1636 586 ut
1666 543 1784 586 hisce

235 621 337 662 locis
358 621 488 662 etiam
507 619 616 661 uitia
636 619 845 673 quaedam
865 616 994 657 huius
1015 615 1170 657 codicis
1191 614 1373 670 corrigat

432 705 461 745 p
495 695 534 740 7,
588 690 978 729 6rexI:resBN
1400 682 1403 685 ’

493 764 535 810 9,
588 763 610 799 9
633 772 798 800 romam
818 760 867 798 I:
899 771 929 797 R
949 762 1002 806 B,
1034 771 1257 798 romanum
1276 760 1326 797 N

491 835 533 879 9,
558 833 609 870 23
632 827 778 882 augeri
797 830 828 867 I
834 845 848 868 :
881 841 1040 880 augure
1060 832 1114 876 B,
1146 825 1310 881 augerit
1329 830 1379 867 N

467 904 533 949 12,
562 904 606 940 11
633 911 827 938 annuum
847 900 900 938 I.-
932 911 1094 937 annum
1114 901 1202 938 BN

467 972 534 1018 12,
563 972 611 1009 16
635 968 738 1008 urbe
758 971 809 1008 I.-
839 967 988 1007 urbem
1007 970 1096 1007 BN

467 1044 533 1089 15,
587 1044 610 1078 4
632 1037 799 1078 menius
819 1040 862 1077 I:
893 1036 1116 1078 menenius
1136 1042 1189 1086 B,
1222 1036 1445 1077 moenibus
1464 1039 1515 1077 N

465 1113 534 1158 38,
563 1111 611 1149 12
632 1106 819 1162 perpulit
839 1106 886 1147 in
906 1106 1174 1160 campaniam
1194 1121 1317 1147 suam
1336 1110 1385 1147 I.-
1407 1105 1594 1160 perpulit
1609 1105 1655 1146 in
1671 1119 1784 1146 cam—

630 1177 761 1232 pania
781 1192 858 1218 sua
877 1182 930 1226 B,
953 1176 1120 1231 pepulit
1141 1176 1187 1217 in
1208 1176 1433 1230 campania
1453 1191 1531 1217 sua
1550 1179 1599 1217 N

237 1264 343 1304 quae
365 1249 508 1290 omnia
528 1263 630 1290 sane
657 1263 745 1289 non
775 1247 922 1301 magni
950 1246 1157 1287 momenti
1188 1254 1289 1288 sunt
1317 1254 1359 1287 et
1388 1246 1512 1287 facile
1541 1245 1784 1286 coniectura

237 1318 453 1360 emendari
472 1325 721 1373 potuerunt,
745 1317 855 1359 sicut
875 1317 984 1358 illud
1004 1318 1118 1370 quod
1138 1316 1347 1357 Heinsius
1376 1316 1619 1357 coniectura
1637 1330 1784 1369 reppe-

236 1389 292 1430 rit
311 1404 340 1443 p
363 1394 432 1438 20,
457 1393 505 1429 21
533 1394 751 1437 ornatam,
775 1387 851 1428 ubi
871 1391 958 1429 BN
974 1387 1135 1427 habent
1155 1392 1392 1436 armatam,
1424 1387 1470 1427 in
1500 1385 1695 1427 Iordanis
1715 1400 1784 1426 co-

236 1459 328 1500 dice
367 1458 673 1513 Bambergensi
710 1457 773 1497 ita
812 1456 897 1510 legi
937 1471 1028 1497 sero
1064 1456 1306 1497 admonitus
1342 1457 1394 1496 ab
1423 1455 1600 1496 Halmio
1636 1454 1780 1495 didici.

236 1535 396 1583 quanta
416 1535 561 1568 autem
582 1526 776 1568 Iordanis
796 1526 843 1566 in
863 1526 1003 1567 uerbis
1026 1526 1140 1567 Flori
1160 1534 1273 1567 recte
1301 1524 1610 1568 constituendis
1640 1532 1784 1566 aucto-

235 1599 336 1640 ritas
357 1598 413 1640 sit
438 1613 555 1638 nunc
583 1599 756 1639 demum
781 1603 893 1637 recte
923 1596 1146 1637 diiudicari
1175 1603 1316 1650 potest
1330 1628 1343 1646 ,
1385 1602 1611 1650 postquam
1651 1596 1785 1636 codex

235 1667 562 1722 Bambergensis
592 1666 795 1708 innotuit.
840 1673 966 1707 antea
995 1666 1111 1706 enim
1141 1666 1374 1707 Salmasius
1406 1666 1616 1707 Gruterus
1647 1672 1690 1706 et
1711 1664 1785 1719 qui

235 1745 403 1793 praeter
430 1752 500 1778 eos
536 1738 767 1778 Iordanem
806 1736 1095 1777 adhibuerunt
1125 1736 1314 1790 egregias
1346 1736 1437 1777 eius
1464 1735 1667 1776 lectiones
1694 1750 1784 1776 non

235 1814 467 1863 potuerunt
487 1806 660 1862 quidem
680 1806 785 1860 quin
806 1821 929 1861 saepe
951 1814 1254 1861 agnoscerent,
1289 1813 1332 1847 at
1354 1813 1497 1847 tamen
1517 1820 1616 1846 cum
1637 1820 1783 1847 omnes

236 1877 352 1921 Flori
372 1877 536 1918 codices
557 1876 704 1918 contra
732 1883 916 1926 starent,
950 1877 1129 1918 dubium
1156 1892 1244 1918 non
1272 1891 1442 1931 prorsus
1472 1890 1691 1917 remouere
1709 1890 1784 1930 po-

235 1954 412 1990 tuerunt
427 1962 533 1987 num
549 1947 651 2001 quid
668 1948 720 1988 de
737 1961 813 1988 suo
828 1947 1004 1988 fortasse
1020 1946 1268 1988 correxisset
1283 1947 1502 1995 Iordanes,
1526 1960 1785 2000 quamquam

235 2018 280 2059 id
300 2017 347 2058 in
365 2017 447 2058 hoc
468 2017 668 2071 scriptore
690 2031 960 2071 nequaquam
987 2016 1219 2058 uerisimile
1239 2016 1335 2056 fuit.
1379 2016 1466 2056 iam
1493 2030 1594 2056 uero
1613 2016 1786 2056 nullum

234 2089 315 2129 hac
344 2087 391 2128 in
419 2102 463 2128 re
493 2086 673 2128 dubium
701 2099 916 2127 remanere
946 2093 1086 2141 potest
1111 2093 1154 2126 et
1190 2086 1280 2140 ipse
1310 2085 1383 2126 ille
1413 2085 1524 2126 inter
1556 2086 1784 2126 Iordanem

234 2163 363 2210 atque
384 2156 573 2198 codicem
593 2157 951 2210 Bambergensem
971 2170 1201 2198 consensus
1230 2156 1347 2196 haud
1366 2169 1517 2209 parum
1537 2157 1591 2196 ad
1610 2157 1782 2196 firman-

236 2228 335 2267 dam
354 2225 576 2281 utriusque
598 2226 895 2267 auctoritatem
915 2227 1091 2267 confert.

347 2298 414 2337 Ex
435 2296 518 2337 alio
539 2303 582 2337 et
601 2297 727 2350 longe
747 2296 889 2350 peiore
909 2297 1026 2338 fonte
1047 2296 1152 2350 quin
1171 2295 1323 2350 reliqui
1353 2311 1498 2338 omnes
1527 2296 1643 2337 Flori
1671 2295 1783 2337 codi-

234 2381 330 2415 ces,
362 2366 436 2420 qui
466 2366 639 2419 quidem
667 2366 976 2416 innotuerunt,
1008 2365 1180 2407 deducti
1209 2365 1320 2415 sint,
1361 2366 1541 2407 dubium
1579 2380 1669 2407 esse
1696 2380 1784 2406 non

233 2442 386 2490 potest.
424 2451 570 2477 eorum
591 2435 912 2493 antiquissimus
934 2442 1060 2490 atque
1090 2443 1140 2477 ut
1165 2435 1278 2476 inter
1304 2435 1579 2490 interpolatos
1599 2435 1782 2489 integer-

233 2505 366 2546 rimus
388 2512 452 2545 est
472 2505 850 2559 Heidelbergensis
873 2507 1013 2559 (894),
1037 2505 1084 2546 in
1103 2505 1362 2546 membranis
1375 2506 1533 2546 formae
1554 2506 1783 2559 quadratae

234 2575 402 2616 saeculo
422 2589 536 2615 nono
557 2574 752 2628 scriptus.
787 2576 833 2616 in
853 2576 939 2616 imo
959 2575 1060 2616 folio
1080 2575 1217 2630 primo
1237 2590 1359 2616 ucrso
1380 2575 1535 2629 legitur
1551 2571 1658 2615 ‘Iste
1679 2574 1784 2615 liber

235 2651 298 2686 est
315 2645 422 2686 eccle
443 2643 555 2684 beati
573 2644 746 2685 nazarii
774 2646 818 2685 in
847 2640 1068 2695 lauri-ssd,
1094 2646 1208 2686 unde
1230 2645 1462 2686 Salmasius
1475 2675 1487 2694 ,
1525 2643 1599 2698 qui
1620 2643 1781 2698 primus

235 2729 334 2754 cum
355 2713 551 2754 adhibuit
571 2720 613 2754 et
632 2728 732 2767 prae
753 2714 901 2755 ceteris
923 2714 1138 2755 codicibus
1159 2715 1251 2756 iure
1279 2713 1455 2755 maximi
1486 2713 1586 2754 fecit
1599 2745 1612 2762 ,
1644 2714 1782 2754 Naza—

234 2785 402 2825 rianum
441 2783 627 2824 uocauit.
681 2784 891 2825 Gruterus
905 2815 917 2833 ,
961 2784 1034 2837 qui
1071 2792 1168 2837 post
1199 2783 1456 2825 Salmasium
1486 2798 1534 2824 eo
1567 2797 1669 2824 usus
1698 2790 1779 2832 est,

234 2854 371 2908 primo
399 2853 499 2894 folio
521 2853 738 2908 inscripsit
763 2850 1012 2894 ‘Palatinus
1025 2852 1210 2906 primus.
1256 2853 1317 2894 ita
1338 2852 1464 2894 istum
1486 2867 1585 2893 uoco
1607 2852 1652 2893 in
1672 2852 1782 2893 notis

234 2923 335 2965 meis
357 2929 432 2964 aut
451 2924 553 2964 adeo
574 2918 903 2964 Nazarianum³.
925 2924 1107 2963 Romam
1128 2937 1225 2963 cum
1246 2921 1418 2977 reliquis
1438 2922 1646 2964 Palatinis
1668 2921 1781 2963 codi-
