2002 3320
245 223 299 262 40
898 237 991 265 1v1,1
1013 237 1143 265 nont

244 339 332 382 rat,
363 333 448 374 iam
476 339 518 373 et
546 335 719 387 Capua,
763 335 881 375 sedes
911 342 953 375 et
982 336 1120 389 patria
1148 336 1280 376 altera
1309 336 1559 387 Annibalis,
1603 337 1772 378 teneba·
1803 338 1836 377 I

235 410 338 452 tur,
379 402 501 443 cuius
531 402 700 443 amissio
733 409 901 443 tantum
931 405 1076 444 Poeno
1106 405 1204 445 duci
1225 405 1411 446 dolorem
1431 405 1573 455 dedit,
1607 412 1656 446 ut
1676 406 1776 447 inde

246 471 345 512 totis
376 470 539 512 uiribus
569 473 753 512 Romam
781 478 1112 513 conuerteretur.
1156 489 1180 515 o
1208 476 1415 529 populum
1451 476 1633 530 dignum
1662 475 1774 517 orbis

245 540 423 595 imperio
436 572 448 590 ,
492 540 756 594 dignumque
794 541 986 582 omnium
1014 542 1160 591 fauore
1182 550 1225 583 et
1255 544 1532 586 admiratione
1553 545 1775 586 hominum

245 624 293 650 ac
315 610 512 651 deoran!
547 610 777 665 conpulsus
799 611 853 651 ad
872 610 1045 657 ultimos
1065 618 1204 653 metus
1225 613 1278 653 ab
1297 612 1467 667 incepto
1487 628 1576 655 non
1595 614 1774 664 destitit,
1799 622 1819 654 5

245 671 287 720 et
307 680 360 720 de
381 694 459 720 sua
478 681 581 721 urbe
611 680 817 721 sollicitus
848 681 1042 735 Capuam
1071 687 1213 721 tamen
1242 696 1330 722 non
1357 682 1522 732 omisit3
1555 684 1628 724 sed
1655 691 1775 738 parte

245 749 454 790 exercitus
476 751 554 791 sub
586 749 727 804 Appio
763 749 937 790 consule
967 749 1139 800 relicta,
1176 758 1296 804 parte
1326 751 1527 792 Flaccum
1555 751 1603 792 in
1628 753 1776 794 urbem

244 826 405 869 secuta,
429 821 579 861 absens
600 819 727 860 simul
746 833 1028 874 praesensque
1047 821 1282 875 pugnabat.
1316 821 1420 875 quid
1448 835 1547 875 ergo
1573 821 1775 863 miramur

243 889 436 930 mouenti
456 896 593 930 castra
613 903 637 929 a
657 888 781 929 tertio
802 889 942 943 lapide
963 890 1170 931 Annibali
1198 890 1354 931 iterum
1382 890 1496 945 ipsos
1527 892 1629 932 deos
1656 892 1774 933 resti-

245 957 369 999 tisse?
401 959 500 1000 deos
520 958 712 1012 inquam,
736 973 814 998 nec
844 958 967 999 fateri
996 960 1190 1013 pudebit.
1225 968 1346 1002 tanta
1375 960 1491 1001 enim
1511 961 1564 1001 ad
1585 960 1774 1015 singulos
1805 969 1846 1002 10

242 1027 357 1068 illius
380 1034 521 1069 motus
551 1027 616 1069 uis
645 1027 848 1069 imbrium
876 1029 1009 1069 effusa
1044 1037 1131 1079 est,
1164 1037 1285 1071 tanta
1314 1038 1542 1071 uentorum
1570 1031 1776 1072 uiolentia

242 1105 385 1139 coorta
405 1105 489 1148 est,
521 1105 570 1139 ut
599 1096 807 1139 diuinitus
829 1097 995 1139 hostem
1015 1114 1283 1140 summouere
1304 1115 1391 1141 non
1413 1115 1437 1140 a
1457 1101 1597 1150 caelo,
1628 1101 1702 1141 sed
1722 1102 1775 1142 ab

241 1167 357 1208 urbis
377 1167 512 1221 ipsius
532 1167 754 1208 moenibus
785 1174 827 1207 et
856 1168 1067 1221 Capitolio
1099 1169 1330 1212 uideretur.
1364 1170 1476 1224 fugit
1505 1177 1548 1211 et
1576 1170 1702 1211 cessit
1732 1177 1774 1210 et

242 1237 288 1277 in
318 1237 521 1278 ultimum
542 1252 585 1278 se
614 1237 766 1278 Italiae
793 1237 950 1291 recepit
979 1237 1144 1288 sinum,
1177 1254 1275 1280 cum
1306 1241 1455 1281 urbem
1484 1246 1654 1281 tantum
1688 1255 1775 1281 non

242 1308 460 1348 adoratam
479 1303 761 1361 reliquisset)x
796 1321 929 1360 parua
957 1322 1023 1348 res
1053 1307 1171 1348 dictu
1199 1310 1273 1350 sed
1294 1311 1348 1350 ad
1378 1309 1841 1365 magnanimitatem[IJ

240 1377 388 1431 populi
407 1377 594 1418 Romani
613 1377 875 1430 probandam
897 1376 998 1417 satis
1021 1378 1168 1417 efficax
1181 1409 1193 1427 ,
1227 1380 1341 1431 quod
1369 1379 1454 1420 illis
1484 1379 1587 1433 ipsis
1618 1379 1773 1433 quibus

241 1446 511 1487 obsidebatur
532 1446 681 1487 diebus
702 1460 816 1500 ager,
840 1460 969 1499 quem
987 1446 1179 1486 Annibal
1194 1447 1340 1488 castris
1356 1448 1584 1498 insederat,
1608 1449 1772 1490 uenalis

241 1517 403 1557 Romae
423 1515 506 1556 fuit
526 1516 758 1569 hastaeque
789 1514 1004 1556 subiectus
1033 1514 1203 1556 inuenit
1234 1524 1480 1571 emptorem.
1516 1518 1656 1559 uoluit
1684 1519 1773 1559 An-

240 1585 359 1628 nibal
379 1593 526 1627 contra
545 1585 704 1626 imitari
723 1584 926 1625 fiduciam
947 1584 1210 1639 subiecitque
1227 1585 1485 1641 argentarias
1502 1588 1618 1629 urbis
1635 1589 1771 1629 taber·

240 1667 343 1702 nas;
386 1668 465 1694 nec
496 1662 631 1697 sector
657 1655 861 1696 inuentus
900 1661 989 1704 est,
1031 1661 1081 1695 ut
1116 1655 1223 1696 scias
1263 1656 1392 1698 etiam
1418 1657 1638 1711 praesagia
1673 1656 1773 1698 fatis
1799 1665 1843 1697 20

239 1722 440 1764 adfuisse.

351 1793 476 1834 Nihil
498 1801 642 1835 actum
662 1801 751 1835 erat
772 1801 892 1835 tanta
911 1794 1072 1837 uirtute
1085 1827 1098 1845 ,
1122 1802 1242 1836 tanto
1262 1796 1408 1837 fauore
1429 1796 1559 1838 etiam
1579 1798 1769 1846 deorum,

239 1858 303 1901 ''si
324 1862 496 1915 quidem
516 1864 569 1904 ab
590 1863 807 1918 Hispania
834 1865 1085 1905 Hasdrubal
1110 1865 1240 1906 frater
1269 1865 1497 1907 Annibalis
1526 1881 1626 1907 cum
1653 1881 1769 1907 exer·
1798 1867 1832 1907 I

237 1930 324 1971 citu
347 1946 485 1982 nouo,
509 1933 633 1974 nouis
654 1934 840 1983 uiribus,
863 1948 977 1974 noua
996 1934 1098 1974 belli
1117 1935 1228 1975 mole
1258 1935 1473 1976 ueniebat.
1508 1944 1653 1977 actum
1683 1943 1772 1977 erat

237 2001 385 2054 procul
406 2002 552 2051 dubio,
576 2002 612 2043 si
635 2002 703 2043 uir
722 2003 794 2043 ille
811 2017 855 2043 se
871 2017 971 2043 cum
990 2003 1119 2044 fratre
1135 2003 1362 2045 iunxisset.
1383 2011 1448 2046 set
1464 2006 1582 2046 hunc
1602 2019 1770 2059 quoque
1797 2013 1841 2045 25

237 2076 404 2110 tantum
428 2072 539 2124 quod
561 2072 612 2112 ab
633 2072 744 2126 Alpe
765 2073 1037 2112 descenderat
1058 2079 1163 2126 aput
1184 2073 1430 2114 Metaurum
1450 2081 1588 2114 castra
1606 2081 1770 2114 metan-

237 2145 324 2179 tem
360 2139 566 2181 Claudius
603 2142 718 2182 Nero
753 2155 853 2181 cum
887 2141 1014 2182 Liuio
1051 2141 1288 2182 Salinatore
1325 2143 1523 2183 debellat.
1571 2144 1687 2184 Nero
1724 2142 1770 2183 in

236 2208 389 2249 ultimo
411 2209 564 2250 Italiae
586 2211 742 2265 angulo
765 2211 1063 2251 summouebat
1083 2211 1366 2261 Annibalem,
1391 2211 1541 2253 Liuius
1562 2211 1608 2252 in
1629 2211 1768 2253 diuer—

235 2277 447 2320 sissimam
466 2287 655 2334 partem,
689 2279 734 2320 id
763 2287 827 2322 est
857 2280 902 2320 in
933 2280 1047 2336 ipsas
1075 2281 1290 2322 nascentis
1312 2281 1463 2322 Italiae
1484 2281 1628 2322 fauces
1649 2281 1771 2336 signa

237 2519 251 2549 1
273 2516 375 2550 sedes
392 2516 519 2550 domus
536 2520 572 2550 et
587 2524 640 2557 ΒΙ,
662 2517 763 2550 sedes
779 2521 814 2551 et
842 2517 968 2551 domus
985 2521 1022 2552 et
1045 2525 1078 2551 N
1092 2518 1103 2563 ΙΙ
1122 2520 1142 2552 2
1169 2517 1348 2552 ammissio
1365 2525 1390 2552 B
1408 2518 1419 2564 ΙΙ
1437 2522 1480 2552 ut
1495 2517 1555 2552 ille
1573 2517 1659 2552 totis
1673 2525 1705 2551 N
1720 2516 1731 2562 ΙΙ
1750 2518 1769 2551 4

235 2582 303 2617 que
319 2583 374 2605 om
390 2579 422 2605 N
446 2572 456 2618 ξΙ
482 2575 501 2606 5
522 2572 636 2606 ultum
653 2569 718 2608 hbs
736 2569 852 2608 metfis
867 2581 901 2607 N
915 2572 926 2618 ΙΙ
945 2576 962 2606 7
981 2573 1069 2607 urbe
1084 2581 1110 2608 B
1127 2573 1139 2619 [1
1157 2575 1177 2607 9
1194 2573 1367 2608 restitisse
1377 2578 1461 2619 post
1482 2573 1632 2619 pudebit
1646 2581 1679 2607 N
1693 2573 1704 2619 ΙΙ
1727 2575 1766 2606 10

235 2627 320 2661 deos
343 2647 379 2652 —-
398 2627 544 2673 inquam
561 2640 615 2661 om
630 2637 651 2662 Ι
666 2629 678 2674 ΙΙ
706 2631 744 2662 12
764 2630 911 2664 cohor-ta
926 2638 952 2664 B
970 2629 981 2675 ΙΙ
999 2640 1224 2664 summouere
1249 2629 1402 2664 Tollius:
1428 2629 1646 2664 summoueri
1661 2636 1738 2662 BIN
1752 2628 1763 2674 ΙΙ

233 2695 298 2717 nec
316 2683 431 2717 caelos
454 2691 484 2717 Ν
501 2684 511 2724 ΙΙ
534 2685 572 2718 13
597 2684 767 2729 capitolio
793 2685 877 2720 ferri
901 2685 1086 2720 uideretur
1109 2693 1142 2719 Ν
1157 2685 1168 2732 ΙΙ
1185 2685 1306 2731 itaque
1332 2685 1426 2731 fugit
1448 2692 1500 2719 IN
1513 2684 1525 2731 ΙΙ
1546 2686 1586 2718 14
1610 2685 1769 2731 recoepit

232 2747 257 2774 Β
275 2738 286 2785 ΙΙ
305 2740 428 2774 urbem
445 2744 581 2775 tantam
597 2751 670 2774 non
688 2740 870 2775 adoratam
884 2749 921 2782 Ι,
948 2742 1073 2775 urbem
1089 2746 1203 2776 totam
1219 2752 1293 2776 non
1309 2741 1531 2776 inadoratam
1547 2748 1572 2774 Β
1589 2739 1601 2785 ΙΙ
1622 2742 1663 2774 16
1680 2740 1769 2786 quid

233 2804 257 2830 B
275 2796 286 2842 1]
308 2797 346 2829 17
365 2795 537 2830 insiderat
558 2805 591 2831 N
605 2797 616 2843 ΙΙ
637 2798 677 2830 19
703 2796 872 2830 immitari
898 2805 923 2830 Β
941 2796 951 2842 ΙΙ
970 2797 1135 2831 fiduciam
1161 2797 1292 2832 imitari
1318 2805 1350 2831 N
1375 2796 1386 2843 ΙΙ
1411 2795 1634 2842 subiectique
1649 2804 1675 2830 B
1693 2795 1703 2841 ΙΙ
1723 2797 1763 2830 21

234 2851 344 2886 fuisse
359 2860 392 2886 Ν
407 2852 418 2897 Η
437 2854 480 2886 23
497 2852 635 2899 ispania
650 2860 675 2887 B
692 2852 703 2898 ΙΙ
722 2851 879 2886 exercito
898 2852 918 2886 b
936 2851 948 2897 ΙΙ
966 2855 1008 2887 26
1027 2856 1166 2886 tantum
1185 2873 1229 2879 —-
1241 2853 1446 2887 Metaurum
1462 2864 1516 2886 om
1527 2860 1559 2886 N
1575 2852 1585 2896 ΙΙ
1603 2852 1770 2898 apudque

233 2917 252 2942 1
269 2907 279 2953 ΙΙ
298 2910 340 2943 28
358 2909 491 2953 angulo
508 2908 626 2944 italiae
642 2916 675 2943 N
689 2908 700 2953 ΙΙ
719 2912 959 2943 summouerat
975 2916 1019 2942 1³1
1035 2909 1045 2954 Η
