2002 3320
647 218 845 247 nmrom
867 217 899 253 1,
923 211 1068 244 20-22
1093 204 1163 260 [11,
1187 205 1323 260 4-6].
1708 204 1762 244 35

171 319 202 358 Ι
431 317 590 359 XXII.
623 317 870 358 BELLVM
892 316 1174 359 PVNICVM
1196 316 1544 359 SECVNDVM.

226 443 330 483 Post
358 439 546 495 primum
576 439 793 481 Punicum
821 439 985 480 bellum
1021 440 1098 480 uix
1129 439 1399 494 quadriennii
1434 439 1624 494 requies:
1668 453 1764 480 ecce
1782 452 1834 486 11,
1849 438 1875 477 6

224 511 404 552 alterum
418 509 598 559 bellum,
615 509 760 551 minus
776 509 948 564 quidem
964 509 1102 566 spatio
1119 535 1170 541 —
1188 524 1268 551 nec
1283 509 1400 551 enim
1416 509 1600 564 amplius
1615 510 1764 551 decem

224 588 268 623 et
287 587 383 622 octo
402 594 538 621 annos
558 580 689 621 habet
717 604 770 611 -—
798 581 873 622 sed
910 580 1015 620 adeo
1052 579 1242 621 cladium
1277 579 1500 621 atrocitate
1532 579 1763 620 terribilius

177 660 196 691 5
223 657 297 701 ut,
331 650 368 691 si
399 649 494 704 quis
526 650 715 691 conferat
735 651 892 692 damna
912 639 1135 704 utriusque
1154 649 1328 704 populi,
1361 649 1544 691 similior
1570 649 1687 690 uicto
1707 649 1764 690 sit

222 721 408 775 populus
427 720 502 761 ille
524 720 598 774 qui
617 720 738 762 uicit.
772 720 922 761 urebat
950 719 1142 761 nobilem
1168 720 1378 774 populum
1405 733 1521 760 mare
1551 719 1760 768 ablatum,

222 797 368 844 raptae
389 790 554 831 insulae
568 822 581 840 ,
613 792 713 832 dare
733 790 919 840 tributa,
951 804 1060 844 quae
1079 789 1225 831 iubere
1246 796 1540 831 consueuerat.
1574 789 1677 830 hinc
1697 789 1762 830 ul-

224 860 387 901 tionem
406 875 514 915 puer
531 860 722 901 Annibal
744 861 798 901 ad
818 874 935 900 aram
954 859 1088 914 patris
1115 859 1330 900 iurauerat
1343 890 1358 908 ,
1387 873 1466 899 nec
1499 860 1760 900 morabatur.

226 930 358 984 igitur
378 930 424 971 in
445 944 618 971 causam
635 929 740 971 belli
761 930 977 983 Saguntos
998 929 1134 970 electa
1153 936 1234 979 est,
1257 936 1383 970 uetus
1398 928 1639 983 Hispaniae
1659 929 1764 970 ciui-

158 1009 199 1040 10
227 1007 293 1042 tas
328 1007 372 1041 et
407 1000 613 1053 opulenta
645 998 831 1052 fideique
863 1013 963 1052 erga
997 999 1216 1040 Romanos
1250 1013 1458 1053 magnum
1493 998 1667 1052 quidem
1702 995 1766 1039 set

225 1069 344 1111 triste
363 1069 695 1118 monimentum,
718 1082 848 1122 quam
867 1068 913 1109 in
928 1059 1171 1110 libertatem
1191 1068 1410 1110 communi
1429 1069 1596 1110 foedere
1617 1082 1766 1123 excep·

226 1146 315 1180 tam
324 1139 532 1189 Annibal,
555 1153 704 1181 causas
723 1153 936 1180 nouorum
955 1146 1154 1180 motuum
1174 1152 1397 1193 quaerens,
1420 1146 1464 1180 et
1483 1138 1572 1180 suis
1593 1146 1635 1180 et
1655 1139 1767 1193 ipso-

224 1223 320 1250 rum
357 1208 556 1250 manibus
595 1208 750 1250 euertit
784 1216 834 1250 ut
868 1209 1043 1251 Italiam
1079 1208 1161 1250 sibi
1202 1215 1329 1263 rupto
1364 1209 1531 1259 foedere
1568 1208 1763 1263 aperiret.

227 1293 395 1319 summa
414 1278 633 1329 foederum
652 1279 862 1320 Romanis
882 1279 1031 1334 religio
1052 1287 1139 1328 est;
1173 1279 1319 1334 itaque
1337 1281 1391 1322 ad
1411 1279 1610 1321 auditum
1630 1279 1768 1321 sociae

158 1357 200 1389 15
227 1348 415 1390 ciuitatis
436 1348 674 1398 obsidium,
706 1363 913 1390 memores
941 1349 1017 1390 icti
1045 1364 1144 1391 cum
1184 1350 1342 1393 Poenis
1372 1365 1539 1405 quoque
1570 1349 1766 1399 foederis,

228 1433 316 1459 non
337 1418 484 1459 statim
504 1419 559 1459 ad
579 1432 696 1459 arma
714 1426 995 1472 procurrunt,
1026 1421 1132 1461 dum
1159 1420 1277 1474 prius
1298 1435 1414 1462 more
1434 1420 1628 1475 legitimo
1650 1419 1770 1474 queri

227 1488 410 1530 malunt.
435 1487 608 1529 interim
627 1487 713 1528 iam
734 1502 892 1529 nouem
911 1489 1129 1531 mensibus
1158 1489 1260 1531 fessi
1279 1491 1390 1531 fame
1411 1489 1622 1531 machinis
1642 1490 1766 1538 ferro,

227 1572 351 1599 uersa
370 1558 554 1612 denique
574 1557 620 1599 in
649 1557 811 1599 rabiem
839 1559 923 1600 fide
950 1558 1171 1600 inmanem
1196 1558 1244 1600 in
1270 1560 1360 1602 foro
1388 1560 1580 1600 excitant
1599 1573 1767 1614 rogum,

229 1635 323 1669 tum
343 1629 524 1682 desuper
543 1642 588 1669 se
608 1642 791 1682 suosque
811 1643 911 1669 eum
931 1629 1131 1670 omnibus
1159 1629 1311 1684 opibus
1341 1629 1430 1671 suis
1460 1630 1570 1671 ferro
1599 1637 1642 1670 et
1669 1629 1770 1684 igne

158 1706 201 1738 20
228 1704 520 1752 corrumpunt.
554 1697 684 1738 huius
706 1704 851 1738 tantae
872 1698 1005 1740 cladis
1026 1706 1174 1740 auctor
1192 1699 1386 1741 Annibal
1404 1699 1609 1754 poscitur.
1644 1699 1770 1754 tergi-

229 1768 499 1809 uersantibus
520 1767 678 1809 Poenis
699 1768 789 1809 dux
808 1768 1035 1823 legationis
1061 1765 1201 1824 ‘quae'
1221 1770 1366 1824 inquit
1389 1765 1528 1820 ‘mora
1548 1765 1660 1811 est3'
1691 1771 1770 1811 Fa-

227 1837 324 1879 bius
347 1833 413 1878 ‘in
441 1838 522 1878 hoc
551 1852 630 1892 ego
659 1837 757 1878 sinu
776 1838 941 1879 bellum
959 1853 1193 1894 pacemque
1208 1848 1332 1894 porto
1343 1856 1355 1890 3
1392 1847 1539 1882 utrum
1558 1835 1770 1895 eligitis?

229 1907 591 1949 succlamantibus
625 1902 638 1919 ‘
652 1907 816 1949 bellum
830 1908 839 1948 ἱ
852 1903 865 1920 ³
901 1905 914 1921 ‘
927 1909 1092 1950 bellum
1119 1905 1264 1964 igitur'
1300 1909 1443 1964 inquit
1467 1905 1698 1964 ‘aecipite'
1730 1918 1771 1950 et

178 1998 182 2000 ·
230 1992 408 2019 excusso
437 1977 483 2018 in
510 1976 653 2018 media
679 1977 797 2018 curia
829 1985 952 2032 togae
982 1979 1145 2034 gremio
1174 1994 1262 2022 non
1293 1980 1384 2022 sine
1415 1980 1611 2029 horrore,
1650 1979 1772 2033 quasi

159 2054 202 2087 25
229 2047 357 2102 plane
376 2047 475 2089 sinu
494 2047 659 2090 bellum
678 2048 821 2098 ferret,
845 2049 1010 2090 effudit.

346 2117 509 2159 Similis
530 2117 671 2159 exitus
690 2117 795 2159 belli
814 2118 951 2160 initiis
971 2119 1070 2160 fuit.
1103 2134 1206 2161 nam
1235 2120 1359 2174 quasi
1388 2121 1465 2162 has
1496 2120 1670 2162 inferias
1691 2119 1772 2161 sibi

232 2187 572 2242 Saguntinorum
590 2186 769 2228 ultimae
789 2187 904 2228 dirae
934 2188 980 2228 in
1009 2188 1085 2230 illo
1114 2189 1288 2243 publico
1307 2189 1533 2243 parricidio
1554 2189 1771 2230 incendio-

237 2264 319 2310 que
338 2257 614 2298 mandassent
627 2288 640 2306 ,
663 2256 725 2297 ita
744 2257 944 2298 manibus
965 2271 1112 2298 eorum
1132 2258 1374 2299 uastatione
1396 2258 1567 2308 Italiae,
1591 2258 1771 2313 captiui-

234 2333 321 2367 tate
350 2326 519 2367 Africae
533 2357 545 2375 ‚
583 2327 743 2366 ducum
772 2333 815 2367 et
845 2341 996 2384 regum
1017 2326 1091 2381 qui
1111 2326 1156 2368 id
1175 2342 1341 2382 gessere
1361 2328 1525 2369 bellum
1545 2329 1677 2370 exitio
1697 2343 1771 2383 pa·

163 2402 207 2435 30
234 2403 450 2436 rentatum
470 2403 548 2436 est.
582 2395 715 2451 igitur
734 2395 808 2436 ubi
829 2394 961 2438 semel
981 2411 1025 2438 se
1043 2396 1090 2438 in
1110 2397 1327 2452 Hispania
1354 2398 1492 2439 mouit
1522 2398 1599 2439 illa
1626 2398 1771 2454 grauis

234 2520 254 2551 2
272 2518 427 2564 primum
445 2522 565 2552 autem
582 2518 755 2563 punicum
771 2526 790 2552 1
816 2519 827 2564 11
855 2530 962 2564 quam
979 2519 1126 2555 triennii
1139 2528 1183 2562 B,
1202 2522 1479 2567 quadriennium
1497 2530 1517 2555 ι
1540 2522 1552 2567 11
1579 2523 1600 2555 3
1616 2521 1772 2566 amplius

233 2585 341 2620 quam
356 2582 476 2609 xvnn
493 2582 526 2607 N
540 2573 551 2619 11
570 2577 589 2607 4
607 2573 778 2609 terribilis
800 2574 837 2608 1³b
849 2600 858 2616 ‚
886 2575 1046 2610 terribile
1062 2576 1101 2610 IP
1119 2576 1131 2622 11
1149 2579 1168 2610 5
1196 2577 1274 2611 nito
1290 2586 1324 2612 N
1337 2578 1349 2624 11
1367 2581 1388 2613 6
1405 2578 1467 2613 ille
1490 2589 1546 2612 om
1568 2586 1602 2612 N
1616 2578 1628 2623 11
1646 2577 1774 2612 uberat

233 2637 263 2663 N
280 2629 292 2675 11
309 2630 470 2664 ablatum
486 2641 583 2664 mare
601 2629 696 2677 ῙᾸΝ11
716 2633 734 2664 7
752 2630 790 2664 in
807 2630 982 2665 ultionem
998 2639 1032 2666 N
1046 2632 1058 2678 11
1076 2635 1096 2667 8
1113 2632 1287 2668 hannibal
1304 2642 1339 2668 N
1357 2645 1494 2679 semper
1519 2635 1530 2680 11
1554 2635 1650 2680 patri
1673 2641 1707 2668 N
1721 2633 1732 2677 11
1750 2635 1771 2667 9

234 2696 342 2720 causa
355 2686 429 2720 IPN
442 2686 454 2732 11
472 2686 611 2721 delecta
627 2691 682 2721 est
706 2698 749 2721 us
771 2686 957 2732 hispaniae
981 2695 1014 2722 N
1028 2687 1039 2733 11
1061 2690 1099 2722 11
1128 2694 1404 2724 monumentum
1419 2699 1454 2726 N
1477 2691 1488 2735 11
1515 2691 1681 2725 libertate
1696 2698 1730 2723 N
1744 2690 1755 2734 11

235 2746 386 2787 excepta
400 2750 425 2776 B
442 2742 454 2787 11
476 2744 515 2776 12
533 2753 680 2776 suorum
695 2751 742 2776 ΒῙ
756 2743 767 2788 11
790 2744 828 2776 13
848 2743 958 2778 uertit
972 2751 998 2777 B
1015 2743 1026 2789 11
1048 2745 1088 2779 16
1105 2744 1305 2790 legitimmo
1321 2754 1354 2780 N
1369 2746 1380 2791 11
1399 2746 1522 2791 quaeri
1545 2755 1571 2780 B
1589 2747 1600 2790 11
1630 2748 1670 2779 17
1682 2748 1772 2789 puto

235 2796 386 2832 malunt.
406 2798 600 2844 Saguntini
616 2798 759 2833 interim
778 2799 789 2844 11
811 2801 851 2833 18
869 2799 1048 2834 inmanem
1064 2799 1142 2835 foro
1158 2801 1205 2846 111
1227 2804 1267 2835 19
1285 2802 1360 2847 igni
1378 2810 1429 2835 IN
1443 2803 1454 2847 11
1473 2803 1513 2835 21
1533 2805 1569 2836 et
1584 2803 1625 2834 23
1645 2801 1772 2846 inquid

231 2850 295 2885 31*
311 2852 323 2897 11
340 2854 380 2886 21
400 2853 476 2888 dux
491 2854 683 2900 legationis
700 2858 765 2888 aut
784 2855 916 2889 Fabius
932 2855 1113 2890 delendum
1131 2857 1143 2902 11
1160 2859 1205 2891 26
1222 2857 1327 2892 initio
1343 2866 1375 2890 N
1389 2858 1401 2902 11
1419 2859 1462 2890 29
1481 2857 1568 2901 quid
1584 2857 1664 2898 ΙΡΝ,
1684 2857 1772 2902 quid

233 2907 271 2940 id
286 2906 323 2944 [ἦ
340 2910 352 2952 11
369 2919 504 2944 cessere
519 2919 545 2944 Β
562 2911 573 2955 11
593 2914 634 2946 30
654 2911 866 2956 Hispaniam
882 2918 927 2945 ΒῙ
941 2910 953 2957 11

1494 2969 1546 3008 3*
