2002 3320
271 223 324 262 32
922 234 1013 263 ΝΜ
1035 235 1163 263 FLORI

384 332 560 373 Metello
580 331 711 385 igitur
727 332 902 373 consule
923 333 1181 386 spirantibus
1211 333 1338 374 altius
1370 334 1525 375 Poenis
1555 342 1597 375 et
1623 348 1790 376 reuerso
1818 336 1851 376 I

273 402 319 442 in
340 401 530 442 Siciliam
557 401 694 450 bello,
732 408 835 454 aput
866 402 1159 443 Panhormum
1187 402 1246 443 sic
1275 403 1416 444 hostes
1444 403 1596 445 cecidit
1630 419 1684 444 ne
1705 419 1791 446 am-

273 472 384 525 plius
420 485 513 517 eam
562 470 747 510 insulam
778 470 951 524 adgredi
979 471 1227 524 cogitarent.
1275 480 1573 526 argumentum
1608 474 1795 528 ingentis

273 539 476 580 uictoriae
497 546 670 580 centum
700 538 865 579 circiter
885 540 1210 592 elephantorum
1244 540 1469 594 captiuitas
1485 574 1497 591 ,
1535 543 1594 584 sic
1630 558 1795 597 quoque

275 625 431 664 magna
449 610 606 663 praeda
625 608 661 649 si
680 622 851 662 gregem
866 608 990 649 illum
1005 623 1093 649 non
1107 610 1235 658 bello,
1259 611 1333 650 sed
1348 612 1576 653 uenatione
1599 613 1791 666 cepisset.
1822 622 1842 653 5

386 678 527 732 Appio
548 678 729 720 Claudio
749 678 921 719 consule
941 693 1029 719 non
1049 679 1101 718 ab
1122 678 1315 720 hostibus
1329 710 1342 728 ,
1370 682 1443 720 sed
1463 695 1488 721 a
1507 681 1571 722 dis
1598 682 1699 735 ipsis
1728 698 1795 723 su-

274 756 443 803 peratus
465 755 543 797 est,
567 762 746 802 quorum
766 746 956 800 auspicia
975 754 1309 800 contempserat,
1344 749 1396 790 ab
1417 749 1483 790 his
1504 751 1647 791 statim
1667 752 1798 793 classe

276 820 488 867 demersa,
520 817 596 858 ubi
615 817 688 858 ille
708 815 974 871 praecipitari
992 816 1132 870 pullos
1152 816 1354 868 iusserat,
1388 820 1500 872 quod
1526 833 1715 873 pugnare
1744 821 1796 861 ab

275 888 342 929 his
363 893 591 928 uetaretur.
998 943 1002 948 ι

389 958 535 997 Marco
565 956 697 998 Fabio
726 959 921 998 Buteone
959 959 1132 999 consule
1160 959 1336 1000 classem
1365 959 1553 1001 hostium
1581 959 1628 1000 in
1656 960 1799 1002 Africo
1829 968 1869 1000 10

276 1026 384 1067 mari
417 1033 520 1080 aput
554 1026 835 1080 Aegimurum
871 1026 1058 1067 insulam
1091 1027 1138 1068 in
1169 1029 1341 1069 Italiam
1375 1029 1488 1070 ultro
1523 1029 1801 1083 nauigantem

278 1096 444 1137 cecidit.
493 1102 761 1149 quantusque
782 1102 875 1136 tum
903 1096 1143 1150 triumphus
1174 1104 1423 1151 tempestate
1444 1099 1681 1147 intercidit,
1704 1113 1802 1139 cum

278 1167 480 1220 opulenta
498 1166 654 1219 praeda
674 1164 817 1206 classis
839 1165 1025 1206 aduersis
1056 1173 1150 1206 acta
1176 1167 1317 1208 uentis
1344 1168 1565 1221 naufragio
1593 1182 1669 1208 suo
1688 1167 1800 1208 Afri-

278 1228 371 1277 cam
392 1243 434 1276 et
464 1235 599 1289 Syrtis
630 1242 672 1275 et
702 1234 896 1275 omnium
933 1235 1278 1276 interiacentium
1303 1236 1541 1278 insularum
1570 1236 1695 1278 litora
1723 1237 1800 1277 im-

277 1305 436 1360 pleuit!
469 1319 626 1358 magna
645 1305 808 1353 clades,
832 1305 906 1344 sed
923 1318 1011 1344 non
1032 1305 1123 1345 sine
1143 1305 1286 1359 aliqua
1312 1305 1514 1359 principis
1542 1306 1690 1359 populi
1711 1306 1800 1359 dig-
1831 1313 1872 1345 15

278 1374 436 1423 nitate,
468 1373 749 1426 interceptam
779 1379 1029 1426 tempestate
1050 1373 1274 1414 uictoriam
1295 1382 1337 1415 et
1358 1375 1623 1429 triumphum
1642 1375 1800 1429 perisse

279 1443 516 1496 naufragio.
537 1450 580 1483 et
600 1450 744 1482 tamen
759 1457 858 1497 cum
875 1443 1063 1483 Punicae
1078 1444 1258 1496 praedae
1280 1444 1477 1484 omnibus
1497 1444 1803 1497 promunturiis

279 1512 516 1565 insulisque
535 1511 768 1561 fluitarent,
787 1512 974 1565 populus
995 1513 1216 1553 Romanus
1238 1520 1279 1553 et
1300 1513 1360 1553 sic
1381 1513 1677 1567 triumphauit.

392 1581 567 1623 Lutatio
598 1581 753 1622 Catulo
788 1581 961 1622 consule
992 1583 1165 1622 tandem
1191 1583 1304 1623 bello
1332 1582 1430 1623 finis
1448 1583 1669 1636 inpositus
1700 1590 1803 1637 aput

279 1652 458 1701 insulas,
483 1650 635 1704 quibus
656 1665 813 1690 nomen
833 1652 1021 1705 Aegatae
1035 1683 1048 1701 ,
1071 1666 1149 1692 nec
1170 1651 1304 1692 maior
1324 1651 1427 1693 alias
1448 1652 1494 1692 in
1514 1652 1621 1693 mari
1639 1667 1799 1706 pugna.
1831 1660 1875 1692 20

281 1723 424 1762 aderat
445 1720 600 1774 quippe
621 1720 926 1761 commeatibus
948 1720 1137 1761 exercitu
1165 1721 1496 1775 propugnaculis
1516 1722 1642 1763 armis
1661 1721 1804 1775 grauis

280 1791 425 1831 classis
454 1797 496 1831 et
527 1789 571 1830 in
603 1804 653 1830 ea
688 1789 807 1843 quasi
835 1796 926 1830 tota
955 1790 1191 1844 Carthag03
1231 1792 1344 1844 quod
1369 1790 1511 1844 ipsum
1540 1791 1671 1831 exitio
1704 1790 1800 1831 fuit.

280 1860 476 1899 Romana
495 1859 640 1899 classis
661 1866 857 1912 prompta
885 1859 995 1900 leuis
1025 1859 1223 1913 expedita
1253 1867 1295 1901 et
1324 1862 1507 1914 quodam
1535 1875 1689 1914 genere
1718 1875 1805 1901 cas-

280 1928 433 1968 trensis
445 1930 498 1968 ad
516 1928 843 1968 similitudinem
862 1943 1032 1982 pugnae
1043 1923 1247 1982 equestris
1268 1929 1328 1970 sic
1346 1929 1472 1970 remis
1493 1929 1613 1983 quasi
1629 1929 1806 1970 habenis

282 1998 509 2050 agebatur,
542 2005 584 2038 et
604 1998 649 2037 in
670 1997 748 2038 hos
769 1998 840 2037 uel
860 1998 955 2038 illos
971 1998 1082 2038 ictus
1102 1998 1278 2038 mobilia
1297 2006 1431 2039 rostra
1450 1999 1635 2051 speciem
1654 1999 1804 2040 uiuen-
1833 2006 1876 2039 25

280 2065 391 2106 tium
408 2067 715 2119 praeferebant.
748 2067 892 2120 itaque
923 2074 1139 2108 momento
1170 2067 1370 2120 temporis
1392 2068 1598 2108 laceratae
1618 2067 1807 2108 hostium

282 2189 298 2221 1
319 2187 605 2233 conspirantibus
621 2187 732 2221 artius
747 2195 793 2220 BI
807 2187 818 2232 ΙΙ
838 2189 857 2221 2
874 2199 1085 2234 panormum
1100 2195 1121 2222 Ι
1142 2188 1154 2234 ΙΙ
1179 2193 1221 2222 ut
1245 2200 1290 2222 ne
1314 2187 1464 2234 amplius
1482 2187 1634 2222 insulam
1652 2188 1805 2222 eoncita-

278 2247 359 2277 rent
374 2251 407 2276 N
421 2243 432 2288 ΙΙ
450 2245 469 2276 3
488 2243 615 2287 ingens
630 2251 652 2276 Ι
666 2242 676 2288 ΙΙ
696 2245 715 2276 5
733 2254 862 2288 magna
877 2244 1009 2288 praeda
1025 2244 1055 2278 si
1071 2255 1217 2289 gregem
1235 2256 1257 2284 ς
1269 2257 1280 2276 .·
1314 2254 1443 2288 magna
1467 2244 1599 2288 praeda
1623 2254 1663 2277 ac
1680 2244 1710 2277 si
1726 2255 1804 2288 gre-

279 2309 361 2343 gem
377 2306 424 2340 N,
451 2310 598 2343 magnas
615 2299 763 2343 praedas
781 2298 855 2343 egit
871 2303 912 2332 ut
929 2311 1074 2344 gregem
1090 2307 1135 2333 BI
1158 2299 1169 2344 ΙΙ
1196 2301 1215 2332 6
1232 2299 1358 2344 appius
1375 2298 1535 2332 claudius
1552 2299 1678 2333 consul
1696 2307 1716 2333 Ι
1731 2298 1743 2344 ΙΙ
1759 2299 1804 2333 ab

278 2362 311 2387 N
326 2354 336 2398 ΙΙ
363 2356 380 2387 7
400 2358 660 2399 contempserat
676 2354 726 2388 ibi
744 2354 863 2388 statim
879 2362 930 2388 IN
944 2355 955 2399 Η
974 2357 993 2388 8
1012 2355 1164 2389 dimersa
1179 2363 1199 2388 Ι
1215 2355 1225 2400 Ιξ
1244 2354 1307 2388 ubi
1323 2354 1404 2387 iliae
1420 2354 1478 2407 N‘ss
1496 2355 1729 2400 praecipitare
1747 2355 1766 2388 b
1784 2355 1795 2400 ΙΙ

278 2410 394 2454 pollos
409 2418 435 2444 B
461 2410 471 2455 Η
501 2413 540 2443 10
558 2421 697 2443 marcus
720 2410 836 2443 fabius
862 2409 972 2443 buteo
994 2419 1015 2444 Ι
1037 2410 1047 2455 ΙΙ
1075 2410 1221 2444 consule
1245 2421 1299 2443 om
1315 2418 1361 2444 BI
1383 2410 1394 2454 ΙΙ
1421 2410 1567 2444 classem
1592 2411 1749 2444 hostium
1766 2410 1804 2444 in
1860 2436 1875 2451 0

278 2465 388 2498 africo
406 2465 494 2499 mari
511 2470 598 2510 aput
613 2465 835 2510 aegimurum
852 2465 922 2499 iam
939 2465 976 2499 in
993 2466 1128 2502 italiam
1144 2466 1238 2500 uitro
1255 2465 1486 2510 nauigantem
1503 2465 1633 2500 cecidit
1646 2474 1696 2507 N,
1716 2465 1803 2499 clas-

267 2531 353 2569 ⁴sem
377 2520 447 2553 iam
474 2520 511 2553 in
537 2520 647 2553 africo
664 2520 752 2554 mari
768 2525 856 2566 aput
871 2521 1094 2566 aegimurum
1117 2521 1275 2555 hostium
1299 2521 1336 2555 in
1353 2521 1489 2555 italiam
1514 2522 1608 2556 ultro
1632 2520 1803 2565 nauigan-

277 2579 350 2609 tem
377 2575 505 2608 cecidit
528 2584 573 2609 Β]
589 2576 599 2620 ΙΙ
622 2578 658 2608 11
678 2575 831 2610 insulam
847 2577 1031 2622 Hauptius
1049 2577 1060 2622 Η
1082 2579 1120 2610 12
1139 2580 1294 2622 quantus
1311 2588 1332 2610 o
1349 2581 1427 2611 tum
1442 2586 1487 2619 B,
1507 2580 1662 2622 quantus
1678 2587 1700 2609 o
1716 2579 1803 2609 tunc

276 2638 310 2664 N
323 2630 335 2675 ΙΙ
356 2632 396 2663 13
414 2630 598 2681 opulentia
613 2639 646 2664 N
670 2631 681 2675 ΙΙ
710 2633 749 2664 14
767 2631 862 2665 sirtis
878 2640 914 2674 B,
934 2637 1047 2678 syrtes
1070 2641 1104 2667 N
1127 2633 1137 2678 ΙΙ
1165 2637 1202 2666 et
1217 2632 1288 2666 add
1300 2632 1481 2666 Bentleius
1505 2632 1600 2676 apud
1612 2630 1803 2664 Marklan-

278 2686 360 2719 dum
383 2685 431 2719 ad
453 2685 566 2719 Statii
586 2685 695 2719 siluas
712 2697 762 2729 pr
780 2698 809 2730 p
825 2694 886 2721 ΧΠ
913 2687 923 2732 ΙΙ
951 2688 1239 2722 interiacentium
1265 2688 1471 2722 Bentleius:
1495 2685 1805 2732 imperiagentium

276 2749 349 2776 BIN
375 2740 386 2786 11
414 2743 453 2775 16
471 2741 668 2785 intercepta
682 2749 714 2774 N
729 2741 740 2786 Η
758 2741 908 2775 uictoria
923 2751 956 2776 N
969 2743 980 2787 Η
998 2743 1181 2788 triumpho
1196 2744 1215 2777 b
1233 2744 1244 2789 Η
1262 2743 1394 2788 perisse
1411 2755 1465 2776 om
1481 2750 1506 2776 B
1523 2742 1534 2787 ΙΙ
1556 2743 1596 2775 18
1613 2741 1806 2775 frustaren-

278 2803 338 2831 tur
355 2801 391 2830 et
412 2796 595 2830 fluitarent
609 2803 642 2830 N
657 2796 668 2841 {1
686 2798 728 2829 20
746 2800 866 2829 acatae
882 2805 918 2837 B,
938 2802 1078 2831 aecatae
1095 2798 1132 2832 ιὰ
1143 2824 1152 2840 ,
1172 2799 1297 2833 hecate
1313 2798 1365 2839 11²,
1385 2802 1505 2842 egates
1526 2805 1560 2831 N
1575 2797 1585 2841 Η
1611 2798 1651 2830 21
1683 2796 1807 2830 aderat

278 2865 333 2886 om
349 2860 382 2886 N
404 2852 414 2897 ΙΙ
441 2851 684 2886 comeantibus
707 2861 732 2886 B
763 2852 773 2896 ΙΙ
799 2852 919 2896 grauis
945 2852 1102 2886 hostium
1121 2854 1242 2888 classis
1258 2862 1290 2888 N
1313 2853 1325 2898 [Ι
1350 2855 1391 2886 2-1
1410 2852 1532 2886 ahenis
1551 2853 1570 2886 b
1595 2854 1606 2897 ΙΙ
1634 2855 1675 2886 25
1694 2852 1753 2886 uel
1769 2851 1806 2885 in

277 2908 357 2942 illos
374 2907 520 2942 mobilia
535 2915 568 2940 N
582 2907 593 2951 Η
