2002 3320
257 230 310 270 62
535 277 541 283 Ι
913 242 1005 271 1vL1
1027 242 1156 271 ποια

256 354 357 382 mox
377 339 598 394 cognitum
617 346 697 389 est,
720 353 774 380 ex
794 340 1017 394 splendore
1036 341 1256 395 galearum
1276 354 1369 382 aere
1398 355 1642 395 repercusso
1666 342 1787 396 quasi

258 411 402 451 ardere
422 409 587 449 caelum
616 408 851 450 uideretur.
898 423 978 450 nec
1003 410 1143 452 minor
1172 424 1270 451 cum
1298 410 1502 452 uxoribus
1534 426 1680 453 eorum
1708 426 1786 466 pu·

255 494 342 534 gna
359 493 487 532 quam
507 492 607 519 cum
627 478 731 532 ipsis
748 478 832 519 fuit
842 493 854 527 ς
893 492 992 518 cum
1007 478 1180 520 obiectis
1211 479 1400 533 undique
1429 481 1629 535 plaustris
1661 488 1788 536 atque

260 548 471 603 carpentis
503 548 616 589 altae
645 549 824 602 desuper
844 547 1060 588 securibus
1080 547 1301 601 contisque
1329 559 1582 603 pugnarent.
1615 551 1790 605 perinde

260 618 449 673 speciosa
466 632 579 659 mors
600 632 746 659 earum
765 617 848 658 fuit
869 631 996 671 quam
1014 630 1173 671 pugna.
1206 631 1309 659 nam
1338 632 1436 659 cum
1461 619 1591 661 missa
1620 621 1674 661 ad
1693 621 1786 661 Ma-
1814 628 1835 659 5

261 688 374 729 rium
392 687 604 742 legatione
624 687 867 728 libertatem
887 701 936 727 ac
957 685 1240 727 sacerdotium
1259 701 1347 728 non
1373 687 1656 741 inpetrassent
1684 691 1790 742 (nec

263 758 325 799 fas
346 759 489 811 erat),
513 757 727 798 suffocatis
756 755 956 810 elisisque
983 755 1144 809 passim
1170 755 1407 798 infantibus
1429 756 1516 798 suis
1537 764 1611 798 aut
1628 757 1790 799 mutuis

263 827 483 868 concidere
503 825 752 867 uulneribus
774 832 850 866 aut
869 825 1045 866 uinculo
1065 839 1087 866 e
1107 825 1294 867 crinibus
1315 826 1403 867 suis
1431 826 1542 867 facto
1563 827 1615 867 ab
1637 826 1790 868 arbori-

264 898 345 938 bus
375 896 570 950 iugisque
597 896 885 949 plaustrorum
911 895 1217 948 pependerunt.
1268 895 1443 937 Boiorix
1480 910 1556 938 rex
1582 895 1629 936 in
1657 895 1794 950 prima

267 966 356 1008 acie
376 965 582 1006 dimicans
602 964 768 1018 inpigre
788 979 866 1006 nec
886 964 1053 1005 inultus
1074 964 1294 1006 occiditur.
1352 965 1358 972 ‘
1821 972 1864 1004 10

381 1034 525 1076 Tertia
545 1033 850 1088 Tigurinorum
868 1048 1020 1075 manus
1032 1065 1045 1083 ,
1069 1049 1177 1088 quae
1198 1034 1320 1088 quasi
1340 1034 1383 1075 in
1407 1034 1595 1076 subsidio
1615 1034 1794 1077 Noricos

268 1106 480 1147 insederat
498 1103 676 1157 Alpium
696 1104 883 1144 tumulos
896 1135 910 1153 ,
939 1103 987 1144 in
1006 1103 1174 1144 diuersa
1193 1104 1335 1157 elapsa
1353 1104 1456 1158 fuga
1474 1103 1655 1158 ignobili
1674 1111 1716 1145 et
1735 1105 1796 1145 la-

270 1174 459 1217 trociniis
487 1173 678 1215 euanuit.
726 1173 842 1214 hunc
876 1179 964 1214 tam
998 1173 1159 1214 laetum
1192 1179 1365 1226 tamque
1398 1171 1565 1213 felicem
1596 1173 1797 1215 liberatae

271 1244 423 1286 Italiae
444 1243 683 1297 adsertique
703 1242 871 1297 imperii
889 1241 1094 1283 nuntium
1111 1256 1200 1283 non
1219 1256 1294 1295 per
1313 1241 1524 1292 homines,
1547 1249 1597 1284 ut
1616 1242 1794 1292 solebat,

269 1315 453 1369 populus
474 1314 695 1354 Romanus
716 1312 892 1365 accepit,
915 1312 990 1352 sed
1007 1325 1084 1365 per
1102 1311 1231 1365 ipsos,
1254 1310 1291 1351 si
1311 1312 1477 1351 credere
1496 1311 1560 1352 fas
1576 1318 1655 1360 est,
1678 1312 1793 1352 deos.
1826 1319 1868 1351 15

272 1383 429 1438 quippe
459 1383 607 1423 eodem
638 1381 706 1423 die
746 1395 831 1435 quo
851 1387 971 1435 gesta
990 1394 1056 1422 res
1086 1387 1150 1421 est
1186 1379 1271 1421 uisi
1299 1393 1376 1433 pro
1405 1381 1507 1421 aede
1538 1380 1727 1422 Pollucis
1756 1387 1799 1422 et

273 1452 459 1495 Castoris
479 1451 658 1492 iuuenes
677 1451 888 1492 laureatas
909 1449 1093 1504 praetori
1120 1449 1282 1491 litteras
1310 1450 1424 1500 dare,
1446 1449 1727 1504 frequensque
1753 1449 1799 1491 in

274 1522 515 1576 spectaculo
543 1534 687 1561 rumor
721 1519 924 1561 uictoriae
965 1518 1203 1560 Cimbricae
1242 1546 1288 1564 μ
1324 1520 1438 1572 quod
1469 1519 1516 1560 in
1549 1519 1800 1574 gladiatorio

273 1605 448 1633 munere
467 1590 560 1631 fieri
579 1590 686 1631 solet
701 1585 899 1631 ‘feliciter
912 1590 920 1630 !
934 1584 947 1602 ³
969 1588 1092 1630 dixit.
1134 1602 1218 1642 quo
1234 1588 1336 1642 quid
1357 1588 1647 1630 admirabilius
1659 1620 1673 1638 ,
1697 1588 1801 1643 quid

274 1661 484 1715 insignius
504 1659 596 1701 fieri
623 1658 789 1713 potest?
825 1659 981 1713 quippe
1011 1658 1133 1699 uelut
1161 1658 1272 1699 elata
1299 1658 1517 1700 montibus
1547 1658 1635 1700 suis
1665 1658 1805 1700 Roma
1827 1666 1870 1698 20

275 1730 515 1786 spectaculo
534 1728 637 1770 belli
653 1728 890 1778 interesset,
913 1742 1002 1769 uno
1022 1729 1252 1782 eodemque
1272 1736 1505 1779 momento,
1528 1742 1626 1770 cum
1644 1727 1691 1769 in
1711 1727 1800 1768 acie

276 1800 439 1841 Cimbri
459 1799 798 1848 succumberent,
820 1797 1005 1852 populus
1026 1797 1073 1838 in
1093 1797 1198 1838 urbe
1217 1798 1462 1851 plaudebat.

585 1945 858 1987 XXXVIII.
892 1944 1136 1986 BELLVM
1158 1944 1498 1986 THRACIVM.

137 2083 208 2117 111,
231 2070 257 2107 4
279 2070 383 2110 Post
403 2068 684 2116 Macedonas,
707 2066 744 2107 si
763 2066 827 2107 dis
847 2066 1009 2119 placet,
1033 2065 1217 2106 Thraces
1237 2066 1467 2114 rebellant,
1504 2064 1569 2105 illi
1589 2067 1804 2118 quondam

277 2136 490 2179 tributarii
506 2137 806 2184 Macedonum,
829 2149 907 2175 nec
922 2134 969 2174 in
983 2134 1196 2189 proximas
1212 2135 1338 2175 modo
1353 2132 1595 2187 prouincias
1611 2133 1802 2174 contenti
1830 2141 1874 2174 25

278 2207 490 2248 incurrere
503 2238 516 2257 ,
549 2205 813 2247 Thessaliam
839 2211 966 2258 atque
995 2203 1256 2245 Dehnatiam
1269 2235 1280 2252 ,
1321 2203 1367 2243 in
1395 2202 1663 2244 Adriaticum
1689 2218 1805 2244 mare

279 2292 413 2330 usque
433 2282 646 2317 uenerunt
657 2292 668 2324 3
703 2289 835 2328 eoque
854 2275 939 2315 fine
959 2272 1138 2322 retenti,
1161 2272 1282 2327 quasi
1301 2272 1612 2313 interueniente
1633 2279 1802 2322 natura,

284 2467 297 2498 1
318 2465 489 2510 plendore
512 2473 570 2499 BN
592 2465 602 2510 Η
627 2464 823 2509 gallearum
845 2471 871 2497 B
899 2463 910 2508 Η
939 2474 1019 2496 aere
1044 2473 1252 2508 repercusso
1275 2460 1404 2506 scripsi
1410 2474 1422 2494 .·
1447 2471 1527 2495 aere
1543 2470 1751 2506 percussum
1768 2459 1800 2501 b,

280 2532 359 2555 aere
376 2532 543 2566 percusso
560 2529 585 2555 Β
599 2546 607 2562 ,
634 2532 674 2554 ac
696 2530 906 2565 repercussu
922 2526 955 2552 N
977 2519 988 2564 Η
1016 2529 1122 2563 quam
1138 2516 1261 2551 ardere
1277 2525 1302 2550 Β
1326 2517 1337 2561 Η
1364 2519 1382 2550 4
1411 2517 1482 2551 alte
1499 2517 1651 2561 desuper
1667 2515 1769 2560 quasi
1785 2526 1804 2548 e

279 2576 437 2611 turribus
453 2576 584 2610 lanceis
601 2575 786 2620 contisque
802 2582 835 2608 N
849 2575 860 2619 Η
880 2576 899 2608 8
916 2574 960 2608 ab
978 2586 1032 2608 om
1047 2582 1072 2608 Β
1090 2573 1101 2618 Η
1120 2575 1139 2607 9
1153 2572 1497 2618 plaustrorumqueB
1515 2571 1526 2616 Η
1543 2569 1690 2605 Boiorix
1711 2571 1804 2604 Gru-

282 2636 397 2667 terus.-
414 2631 545 2665 boleris
560 2639 596 2672 B,
616 2630 768 2664 boeleris
783 2638 817 2664 N
831 2630 842 2675 Η
860 2630 974 2675 prima
989 2641 1044 2664 om
1059 2637 1093 2663 N
1106 2628 1118 2674 Η
1140 2631 1180 2664 10
1197 2628 1367 2663 occubuit
1388 2635 1421 2662 N
1435 2627 1446 2672 Η
1468 2629 1503 2660 11
1531 2625 1673 2660 noricus
1688 2633 1714 2659 Β
1731 2624 1742 2670 Η
1764 2626 1803 2658 12

281 2688 402 2733 elapsa
417 2686 563 2731 scripsi.-
588 2686 699 2731 elapsi
714 2693 751 2726 Β,
771 2685 862 2730 lapsi
877 2693 911 2719 Ν
925 2685 936 2730 Η
955 2697 973 2720 e
990 2684 1186 2719 latrociniis
1201 2692 1227 2720 B
1245 2684 1256 2730 Η
1287 2686 1326 2718 15
1343 2683 1396 2718 fas
1414 2687 1468 2717 est
1484 2681 1514 2716 si
1530 2680 1672 2716 credere
1686 2688 1713 2715 Β
1730 2680 1741 2726 Η
1764 2682 1804 2714 16

281 2743 379 2789 quod
394 2751 419 2778 Β
436 2743 448 2789 Η
465 2742 536 2778 uisi
551 2741 681 2788 praede
696 2749 722 2774 Β
739 2740 750 2786 Η
772 2742 810 2774 17
831 2744 985 2774 castores
1000 2749 1026 2774 Β
1044 2740 1055 2786 Η
1079 2739 1231 2775 laureati
1245 2748 1278 2774 N
1300 2740 1311 2785 Η
1339 2739 1478 2774 tradere
1492 2745 1523 2772 N
1547 2737 1558 2782 Η
1589 2737 1628 2770 18
1646 2735 1744 2781 quod
1761 2755 1805 2761 —

280 2799 371 2834 solet
380 2802 465 2844 post
479 2798 667 2832 interesset
675 2799 816 2841 ponunt
829 2803 887 2829 ΒΝ
901 2795 912 2841 Η
938 2798 980 2829 20
997 2800 1081 2841 pote
1098 2800 1153 2830 est
1166 2804 1192 2830 Β
1217 2795 1228 2840 Η
1256 2797 1299 2829 22
1318 2793 1460 2829 cimbris
1475 2801 1509 2827 N
1530 2792 1542 2837 Η
1569 2794 1611 2826 23
1629 2799 1804 2826 XXXVIIII

279 2864 303 2889 B
322 2856 332 2900 Η
350 2863 572 2890 mammem
588 2861 621 2887 N
635 2853 646 2898 Η
665 2854 707 2887 24
724 2846 770 2885 si⁰
785 2859 811 2885 Β
829 2850 840 2896 Η
864 2850 1085 2884 rebellabant
1100 2859 1133 2884 Ν
1148 2851 1158 2896 Η
1177 2850 1245 2896 ipsi
1259 2858 1293 2884 N
1307 2850 1318 2895 Η
1337 2852 1380 2884 26
1397 2848 1583 2883 thesaliam
1600 2856 1624 2881 Β
1642 2847 1654 2893 Η
1672 2847 1805 2883 dalma-

279 2911 364 2945 tiam
383 2918 442 2945 ΒΝ
456 2911 468 2956 Η
484 2908 719 2944 hadriaticum
735 2914 768 2940 N
782 2906 793 2951 Η
811 2908 853 2940 27
865 2905 934 2940 sini
950 2913 982 2939 N
997 2905 1007 2950 Η
1026 2905 1155 2940 retenti
1177 2904 1373 2939 Graeuiue:
1391 2903 1550 2939 contenti
1566 2911 1623 2938 BN
1638 2903 1650 2949 Η
