2002 3320
142 978 182 1011 10

140 1330 179 1362 15

137 1681 180 1713 20

137 2032 181 2063 25

714 209 910 267 arrrous
931 238 983 275 11,
1006 232 1028 266 9
1046 223 1136 281 [111‚
1160 224 1239 281 21].
1699 225 1753 267 89

216 340 327 382 tanti
347 340 431 381 uiri
449 338 536 380 late
554 337 824 379 concurritur
835 370 847 387 ,
871 337 1049 380 seruitia
1063 363 1116 368 -—
1133 353 1209 393 pro
1229 337 1375 378 nefas!
1399 361 1454 368 ·—
1475 343 1520 378 et
1538 339 1754 392 ergastula

214 414 457 458 armantur,
489 416 532 449 et
560 408 686 449 facile
715 408 887 450 inuenit
906 409 1142 450 exercitum
1168 408 1412 464 imperator.
1444 407 1591 462 itaque
1613 407 1659 449 ui
1678 423 1752 463 pa-

215 478 339 520 triam
356 492 582 533 reposcens
595 510 608 528 ‚
647 479 762 519 unde
792 477 839 518 ui
868 478 1008 518 fuerat
1037 477 1267 531 expulsus,
1299 484 1467 532 poterat
1494 477 1633 519 uideri
1660 478 1752 520 iure

213 563 335 603 agere
348 579 361 598 ‚
393 548 479 590 nisi
500 563 674 590 causam
694 562 818 590 suam
838 547 1020 589 saeuitia
1039 556 1341 603 corrumperet.
1376 550 1451 590 sed
1470 563 1571 590 cum
1590 549 1656 590 dis
1676 549 1752 590 ho·

210 619 482 673 minibusque
503 619 685 660 infestus
705 618 885 668 rediret,
916 618 1062 660 statim
1089 617 1227 672 primo
1256 618 1423 674 impetu
1443 619 1576 661 cliens
1597 626 1641 660 et
1661 620 1752 661 alu-

211 704 312 730 mna
339 689 456 731 urbis
487 689 613 731 Ostia
640 690 828 731 nefanda
855 695 996 743 strage
1026 687 1239 742 diripitur.
1272 704 1375 731 mox
1402 689 1448 730 in
1477 690 1628 731 urbem
1649 705 1751 744 qua-

212 756 395 814 druplici
425 760 595 815 agmine
621 760 820 801 intratur.
867 758 1051 800 diuisere
1081 758 1224 813 copias
1256 759 1400 801 Cinna
1426 760 1592 802 Marius
1613 761 1752 802 Carbo

211 830 439 872 Sertorius.
471 830 542 871 hic
562 837 791 885 postquam
809 844 964 871 manus
994 829 1133 870 omnis
1161 829 1319 871 Octaui
1348 831 1528 885 depulsa
1555 830 1751 872 Ianiculo

211 908 301 950 est,
333 900 480 942 statim
506 901 562 942 ad
590 900 835 955 principum
854 901 1027 942 caedem
1047 899 1171 954 signo
1200 900 1301 941 dato
1330 900 1550 955 aliquanto
1580 900 1750 942 saeuius

210 985 340 1024 quam
359 971 431 1012 uel
457 970 504 1011 in
533 971 700 1012 Punica
726 972 831 1012 urbe
863 970 1067 1012 saeuitur.
1110 970 1267 1012 Octaui
1296 970 1485 1012 consulis
1516 978 1647 1026 caput
1673 986 1750 1027 pro

210 1041 356 1082 rostris
391 1041 645 1096 exponitur,
682 1041 864 1082 Antonii
898 1041 1135 1082 consularis
1170 1041 1217 1082 in
1252 1041 1365 1082 Mari
1399 1041 1536 1095 ipsius
1568 1041 1745 1083 mensis.

209 1112 411 1152 Caesares
433 1126 459 1152 a
478 1111 669 1159 Fimbria
696 1110 744 1151 in
773 1110 1001 1165 penatibus
1031 1112 1239 1152 domuum
1266 1126 1440 1153 suarum
1461 1111 1746 1161 trucidantur,

208 1181 351 1223 Crassi
369 1188 491 1236 pater
511 1189 553 1222 et
572 1181 689 1222 filius
708 1180 756 1221 in
784 1188 938 1222 mutuo
967 1181 1074 1223 alter
1103 1181 1278 1223 alterius
1307 1190 1496 1236 aspectu.
1538 1182 1750 1224 Baebium

209 1259 336 1306 atque
356 1252 653 1293 Numitorium
671 1266 748 1306 per
766 1251 958 1293 medium
983 1252 1124 1292 forum
1153 1251 1256 1292 unci
1285 1258 1451 1294 traxere
1480 1253 1745 1294 carnificum.

209 1323 390 1364 Catulus
411 1337 455 1363 se
475 1322 588 1377 ignis
608 1323 769 1364 haustu
787 1322 974 1363 ludibrio
994 1322 1184 1363 hostium
1204 1322 1377 1364 exemit.
1402 1324 1571 1364 Merula
1591 1323 1750 1365 flamen

209 1392 348 1434 Dialis
368 1392 415 1433 in
436 1392 651 1447 Capitolio
672 1392 791 1434 Iouis
811 1392 945 1446 ipsius
966 1393 1112 1434 oculos
1133 1407 1343 1434 uenarum
1363 1408 1510 1435 cruore
1529 1394 1744 1448 respersit.

207 1462 450 1504 Ancharius
471 1463 564 1517 ipso
584 1463 760 1504 uidente
781 1462 920 1503 Mario
939 1463 1160 1504 confossus
1183 1470 1271 1513 est,
1303 1463 1405 1518 quia
1432 1464 1609 1506 fatalem
1628 1465 1749 1506 illam

209 1532 372 1574 scilicet
391 1547 569 1573 manum
588 1547 678 1574 non
697 1540 940 1587 porrexerat
960 1533 1182 1575 salutanti.
1202 1533 1308 1575 haec
1323 1540 1388 1575 tot
1404 1541 1578 1576 senatus
1598 1535 1750 1576 funera

206 1602 322 1644 intra
339 1603 547 1644 kalendas
567 1610 611 1644 et
639 1603 737 1644 idus
758 1603 953 1645 Ianuarii
981 1603 1141 1645 mensis
1172 1603 1355 1658 septima
1384 1604 1460 1645 illa
1489 1604 1619 1646 Marii
1647 1619 1747 1659 pur·

208 1688 316 1728 pura
335 1673 468 1715 dedit.
501 1673 607 1728 quid
625 1673 820 1714 futurum
840 1674 949 1723 fuit,
983 1673 1020 1715 si
1050 1688 1213 1715 annum
1233 1674 1480 1716 consulatus
1501 1674 1748 1729 implesset?

321 1744 522 1800 Scipione
558 1744 847 1798 Norbanoque
880 1743 1129 1786 consulibus
1160 1744 1313 1786 tertius
1343 1744 1418 1786 ille
1446 1745 1573 1786 turbo
1608 1744 1749 1786 ciuilis

209 1813 401 1854 insaniae
422 1820 512 1855 toto
540 1814 681 1855 furore
710 1814 932 1864 detonuit;
965 1814 1124 1869 quippe
1153 1829 1254 1856 cum
1282 1814 1385 1855 hinc
1416 1822 1511 1856 octo
1539 1815 1747 1870 legiones,

210 1883 469 1939 quingentae
490 1884 684 1926 cohortes
705 1891 867 1926 starent
886 1884 934 1925 in
955 1885 1082 1926 armis
1094 1917 1107 1934 ,
1138 1884 1239 1925 inde
1269 1886 1322 1926 ab
1343 1884 1449 1926 Asia
1468 1900 1567 1926 cum
1587 1885 1750 1927 uictore

210 1953 399 1995 exercitu
428 1954 551 1996 Sulla
577 1962 835 2009 properaret.
878 1962 922 1996 et
951 1969 1053 1996 sane
1073 1969 1172 1996 cum
1200 1962 1291 1996 tam
1318 1955 1433 1996 ferus
1469 1955 1516 1996 in
1547 1955 1749 1997 Sullanos

210 2023 374 2065 Marius
394 2023 561 2074 fuisset,
584 2031 748 2078 quanta
765 2024 948 2066 saeuitia
967 2040 1074 2080 opus
1095 2026 1185 2066 erat
1205 2032 1254 2066 ut
1277 2026 1399 2067 Sulla
1418 2027 1471 2067 de
1492 2026 1632 2067 Mario
1653 2026 1748 2067 uin-

207 2094 445 2135 dicaretur?
474 2094 612 2149 primo
643 2101 748 2149 aput
775 2095 970 2149 Capuam
996 2096 1077 2137 sub
1104 2110 1230 2136 amne
1250 2096 1468 2137 Vulturno
1499 2095 1623 2150 signa
1651 2110 1749 2136 con-

208 2171 386 2205 currunt
400 2196 413 2214 ,
455 2171 499 2205 et
538 2164 686 2206 statim
725 2165 922 2206 Norbani
960 2165 1082 2206 fusus
1121 2165 1360 2214 exercitus,
1402 2165 1549 2206 statim
1586 2165 1748 2219 Scipio-

207 2233 275 2274 nis
296 2233 442 2288 copiae
462 2241 676 2275 ostentata
696 2249 770 2289 spe
791 2235 907 2289 pacis
929 2249 1168 2288 oppressae.
1204 2242 1298 2275 tum
1328 2234 1494 2275 Marius
1515 2235 1686 2277 iuuenis
1706 2243 1750 2276 et

210 2303 348 2344 Carbo
369 2303 589 2352 consules,
620 2304 742 2357 quasi
770 2305 992 2358 desperata
1021 2303 1200 2345 uictoria
1220 2318 1275 2345 ne
1295 2303 1426 2345 inulti
1455 2305 1643 2359 perirent
1658 2338 1670 2355 ‚
1702 2305 1747 2346 in

213 2487 231 2518 2
250 2485 447 2519 exercitum
464 2486 571 2520 miser
587 2486 781 2532 imperator
795 2494 829 2521 N
843 2488 855 2532 ΙΙ
873 2489 894 2520 4
912 2486 981 2522 diis
996 2495 1022 2521 Β
1039 2486 1052 2533 n
1070 2489 1090 2522 6
1107 2487 1207 2522 urbis
1224 2487 1310 2522 urbs
1327 2487 1447 2523 hostia
1461 2496 1488 2523 Β
1505 2488 1516 2535 ΙΙ
1535 2488 1749 2535 quadriplici

209 2548 242 2575 Ν
256 2541 268 2587 ss
285 2543 306 2575 9
323 2541 540 2587 principium
555 2549 581 2576 Β
598 2542 610 2588 fl
631 2545 671 2577 10
689 2542 749 2577 uel
764 2543 914 2589 scripsi.-
938 2548 982 2578 ut
995 2552 1032 2586 Β,
1052 2548 1117 2579 aut
1130 2551 1165 2579 N
1178 2544 1190 2590 ss
1208 2543 1295 2578 orbe
1309 2552 1335 2578 B
1353 2544 1364 2590 ΙΙ
1381 2545 1514 2591 punica
1530 2550 1593 2580 aut
1609 2545 1647 2580 in
1664 2546 1749 2580 cim-

211 2597 311 2632 brica
326 2598 414 2633 urbe
430 2606 463 2633 Ν
478 2598 490 2644 ΙΙ
511 2600 551 2632 12
570 2598 738 2634 Caesares
753 2611 775 2634 a
790 2599 951 2634 Fimbria
971 2600 1148 2635 Graeceius
1160 2613 1173 2633 .·
1198 2611 1340 2635 caesare
1355 2601 1497 2636 fimbria
1510 2609 1548 2644 Β,
1576 2613 1698 2636 caesar
1714 2607 1750 2636 et

211 2654 351 2689 fimbria
372 2654 431 2699 ΝΠ
448 2655 694 2700 penetralibus
731 2655 909 2691 Gramine
926 2656 938 2702 ΙΙ
963 2656 1137 2691 domuum
1162 2656 1312 2702 scripsi:
1337 2651 1462 2693 domu'
1486 2666 1531 2700 Β,
1559 2658 1747 2692 domorum

211 2712 268 2756 Nn
289 2713 330 2746 13
347 2715 464 2746 nutuo
479 2719 506 2746 Β
522 2711 534 2757 ΙΙ
555 2713 594 2745 14
614 2711 836 2746 numitorum
858 2713 917 2758 ΝΗ
938 2714 978 2747 19
1003 2712 1170 2748 calendas
1192 2713 1252 2760 ΝΙΙ
1269 2714 1458 2760 septimam
1479 2723 1505 2750 Β
1522 2715 1534 2759 ΙΙ
1553 2717 1596 2748 20
1622 2724 1749 2747 consu-

211 2765 295 2801 laris
319 2767 378 2813 ΝΙΙ
397 2770 436 2802 21
467 2767 628 2802 norbano
652 2767 781 2813 quinto
806 2779 886 2803 coss
910 2776 945 2804 Ν
958 2768 970 2814 11
989 2771 1032 2804 22
1061 2769 1223 2816 legiones
1246 2770 1332 2806 inde
1357 2771 1579 2816 quingentae
1602 2768 1686 2813 BNss
1704 2770 1747 2802 24

210 2821 301 2867 sylla
314 2830 372 2857 ΒΝ
386 2824 398 2870 Ι
414 2823 453 2858 in
470 2823 617 2859 sillanos
632 2832 677 2866 Β,
704 2823 891 2859 insulanos
906 2825 965 2870 Nss
982 2827 1027 2860 25
1043 2826 1174 2861 marios
1189 2827 1248 2873 ΝΙΙ
1267 2827 1357 2873 sylla
1372 2834 1397 2860 Β
1415 2826 1426 2871 fl
1445 2828 1487 2860 26
1503 2825 1659 2871 primum
1674 2824 1732 2868 Na

211 2877 332 2912 statim
347 2880 463 2915 omnis
477 2888 545 2924 BN,
565 2880 682 2916 omnis
697 2881 756 2915 del
768 2881 940 2917 Halmius
956 2882 968 2928 Ε
985 2884 1030 2917 28
1047 2882 1237 2929 obpressae
1253 2883 1312 2928 Nn
1330 2884 1373 2916 29
1392 2885 1478 2926 post
1507 2880 1666 2926 perirent
1696 2892 1749 2915 εο-

212 2937 369 2978 quuntur
394 2935 432 2969 in
447 2944 496 2978 N,
531 2949 621 2982 quae
643 2949 791 2983 mprap
807 2940 863 2980 46,
884 2941 903 2972 7
933 2959 962 2964 —-
975 2951 1005 2984 p
1023 2941 1078 2981 51,
1103 2941 1143 2973 16
1160 2938 1288 2973 οιηίεεα
1303 2941 1407 2973 erant
1423 2938 1434 2980 ΙΙ
