2002 3320
122 996 165 1029 10

123 1346 165 1379 15

122 1697 165 1729 20

122 2049 165 2082 25

675 254 874 284 ama-oua
893 255 947 292 ιι,
971 250 1015 283 30
1039 242 1149 298 [1111‚
1175 242 1252 298 12].
1661 245 1739 285 119

195 356 401 400 Germani
420 354 526 397 uicti
545 354 683 410 magis
705 369 834 410 quam
855 355 1007 397 domiti
1028 361 1149 396 erant
1162 386 1175 404 ‚
1205 370 1429 411 moresque
1457 362 1626 398 nostros
1646 370 1735 397 ma-

192 428 259 483 gis
286 441 414 482 quam
449 439 566 466 arma
601 425 679 466 sub
707 425 961 480 imperatore
990 426 1132 466 Druso
1162 425 1476 480 suspiciebant3
1509 433 1738 481 postquam

115 507 118 509 ’
190 498 264 540 ille
283 496 508 539 defunctus
529 504 619 546 est,
652 496 757 538 Vari
787 495 991 541 Quintilii
1020 495 1246 537 libidinem
1274 511 1323 538 ac
1352 496 1595 561 superbiam
1629 497 1738 538 haut

192 581 312 609 secus
343 580 472 621 quam
499 565 725 608 saeuitiam
756 566 896 609 odisse
926 573 1174 621 coeperunt.
1223 581 1352 608 ausus
1383 565 1458 608 ille
1489 581 1613 622 agere
1635 582 1735 608 con-

190 644 385 687 uentum,
409 643 452 677 et
472 635 688 678 incautius
710 637 915 687 edixerat,
948 635 1071 692 quasi
1090 636 1343 678 uiolentiam
1361 637 1639 679 barbarorum
1658 637 1734 678 lic-

192 707 294 749 toris
315 706 450 762 uirgis
470 714 513 748 et
532 706 751 761 praeconis
782 721 886 748 uoce
914 713 1058 762 posset
1086 705 1296 748 inhibere.
1345 715 1389 749 at
1410 701 1505 758 illi,
1544 707 1619 762 qui
1648 707 1735 749 iam

190 777 358 833 pridem
384 776 580 832 robigine
609 777 769 818 obsitos
798 791 922 818 enses
949 776 1193 832 inertesque
1219 785 1461 819 maererent
1491 792 1648 832 equos,
1684 785 1735 819 ut

190 847 379 902 primum
405 854 526 902 togas
555 854 598 888 et
628 847 821 889 saeuiora
849 847 977 889 armis
1008 847 1103 888 iura
1133 846 1361 898 uiderunt,
1399 849 1508 889 duce
1536 848 1734 891 Arminio

192 933 310 959 arma
329 918 585 973 corripiunt;
619 933 718 959 cum
738 917 911 959 interim
939 924 1062 959 tanta
1095 924 1185 959 erat
1204 918 1320 960 Varo
1349 917 1466 972 pacis
1496 919 1656 961 fiducia
1684 927 1735 961 ut

191 1003 245 1029 ne
265 988 434 1043 prodita
453 988 627 1043 quidem
656 1002 732 1043 per
760 988 969 1042 Segesten
999 1003 1137 1029 unum
1164 987 1410 1043 principum
1439 989 1733 1031 coniuratione

192 1065 544 1099 commoneretur.
578 1058 724 1113 itaque
752 1058 1029 1113 inprouidum
1059 1065 1102 1100 et
1129 1058 1241 1099 nihil
1270 1059 1356 1100 tale
1384 1066 1650 1101 metuentem
1680 1076 1734 1102 ex

190 1127 409 1183 inprouiso
438 1123 601 1178 adorti,
635 1142 734 1169 cum
761 1128 835 1169 ille
855 1153 910 1159 ——-
931 1143 956 1169 ο
977 1128 1180 1169 securitas
1201 1154 1257 1159 --
1279 1131 1334 1170 ad
1354 1129 1544 1172 tribunal
1563 1131 1731 1182 citaret,

190 1197 381 1252 undique
401 1197 616 1239 inuadunt
626 1214 639 1248 ;
673 1205 811 1239 castra
830 1197 1072 1254 rapiuntur,
1096 1204 1180 1240 tres
1200 1199 1392 1255 legiones
1413 1201 1728 1255 opprimuntur.

191 1269 331 1311 Varus
362 1267 550 1323 perditas
571 1283 637 1309 res
668 1269 818 1310 eodem
854 1283 939 1324 quo
967 1269 1240 1312 Cannensem
1260 1270 1375 1312 diem
1396 1271 1560 1313 Paulus
1582 1279 1624 1312 et
1644 1271 1733 1313 fato

192 1345 258 1379 est
277 1345 321 1379 et
340 1338 484 1379 animo
505 1345 691 1380 secutus.
725 1338 838 1379 nihil
865 1338 942 1380 illa
969 1340 1097 1380 caede
1126 1354 1203 1394 per
1220 1341 1400 1396 paludes
1419 1356 1579 1397 perque
1600 1343 1733 1384 siluas

192 1408 410 1450 cruentius
422 1440 436 1459 ,
466 1407 579 1449 nihil
598 1407 878 1450 insultatione
897 1409 1176 1451 barbarorum
1203 1409 1515 1454 intolerabilius
1528 1445 1542 1463 ‚
1573 1412 1733 1467 praeci-

190 1493 275 1533 pue
294 1486 440 1519 tamen
460 1477 508 1519 in
527 1493 752 1520 causarum
770 1486 987 1535 patronos.
1022 1479 1117 1521 aliis
1138 1481 1284 1523 oculos
1298 1514 1311 1532 ,
1342 1482 1438 1524 aliis
1467 1497 1623 1524 manus
1644 1497 1732 1524 am-

191 1548 427 1604 putabant,
451 1547 529 1589 uni
549 1563 596 1590 os
617 1549 842 1599 obsutum,
870 1549 1027 1591 rescisa
1044 1550 1164 1606 prius
1185 1550 1335 1607 lingua
1347 1584 1361 1603 ,
1386 1567 1515 1607 quam
1534 1553 1581 1594 in
1599 1567 1734 1594 manu

194 1626 344 1660 tenens
379 1619 585 1660 barbarus
614 1614 821 1661 ‘tandem'
857 1619 919 1663 ait
951 1615 1119 1676 ‘uipera
1156 1621 1328 1664 sibilare
1366 1618 1548 1664 desisti.³
1596 1623 1733 1678 ipsius

193 1704 361 1746 quoque
381 1689 569 1730 consulis
597 1704 748 1745 corpus
759 1722 773 1741 ,
806 1692 920 1746 quod
956 1691 1146 1733 militum
1173 1691 1311 1747 pietas
1339 1693 1463 1735 humi
1493 1693 1731 1743 abdiderat,

192 1760 405 1801 effossum.
439 1759 563 1814 signa
582 1767 626 1801 et
646 1759 809 1815 aquilas
830 1762 935 1802 duas
952 1761 1093 1803 adhuc
1112 1762 1282 1804 barbari
1302 1763 1539 1819 possident,
1564 1763 1735 1805 tertiam

193 1829 368 1884 signifer
388 1829 505 1884 prius
527 1845 656 1885 quam
674 1830 720 1871 in
739 1845 894 1872 manus
914 1832 1105 1874 hostium
1141 1833 1310 1875 ueniret
1340 1833 1496 1875 euolsit
1533 1848 1735 1875 mersam-

193 1914 275 1955 que
295 1899 409 1941 intra
426 1900 558 1942 baltei
579 1900 647 1941 sui
667 1901 850 1943 latebras
880 1917 1031 1957 gerens
1061 1903 1108 1944 in
1129 1910 1307 1947 cruenta
1325 1904 1483 1960 palude
1504 1904 1565 1945 sic
1579 1905 1729 1946 latuit.

192 1970 275 2011 hac
295 1970 414 2012 clade
434 1971 596 2012 factum
617 1978 704 2021 est,
733 1979 784 2013 ut
814 1971 1066 2028 imperium,
1098 1975 1213 2030 quod
1241 1973 1289 2015 in
1317 1973 1442 2016 litore
1463 1973 1626 2016 Oceani
1646 1989 1735 2015 non

191 2047 381 2091 steterat,
404 2040 449 2082 in
471 2040 565 2096 ripa
584 2041 732 2083 Rheni
753 2042 945 2085 fluminis
965 2050 1111 2087 staret.

194 2279 214 2311 2
233 2277 476 2323 suscipiebant
494 2285 525 2311 N
541 2277 554 2323 ss
571 2279 591 2311 3
610 2278 769 2324 quintilli
791 2287 830 2321 Β,
850 2279 970 2325 quinti
987 2287 1020 2314 N
1035 2279 1047 2325 ΙΙ
1065 2279 1131 2314 hac
1147 2288 1173 2314 Β
1190 2280 1202 2326 ΙΙ
1221 2283 1241 2314 5
1266 2281 1447 2316 incautius
1463 2279 1658 2315 Halmius.-
1682 2280 1736 2314 in-

195 2338 320 2368 cautos
335 2342 372 2375 Β,
394 2333 592 2369 incastosN
605 2335 617 2379 ΙΙ
634 2335 854 2370 sedirexerat
867 2344 901 2370 N
916 2335 928 2381 ΙΙ
945 2335 1120 2371 uiolentia
1133 2345 1160 2372 Β
1177 2338 1189 2383 ΙΙ
1206 2337 1468 2372 ebarbarorum
1483 2345 1525 2379 N,
1544 2336 1736 2371 barbarum

196 2398 220 2424 Β
239 2392 250 2436 ΙΙ
267 2389 384 2424 litoris
399 2398 425 2424 Β
441 2390 453 2435 ΙΙ
472 2393 490 2424 ῖ
510 2390 648 2425 obsitos
674 2400 718 2432 ¹3:
737 2392 870 2427 oblitos
878 2392 963 2438 ΒΝΙ
981 2398 1162 2429 ererentN
1176 2394 1188 2440 fl
1206 2397 1381 2429 sarmeno
1398 2403 1435 2437 B,
1462 2393 1622 2428 armenio
1637 2401 1670 2428 Ν
1685 2393 1696 2438 ΙΙ
1715 2395 1735 2426 9

195 2446 396 2491 corripuint
416 2454 442 2480 Β
459 2446 471 2492 ss
500 2448 540 2481 10
566 2458 612 2481 ne
637 2448 781 2493 prodita
805 2448 951 2494 quidem
977 2449 1124 2495 scripsi.-
1157 2462 1202 2486 nc
1226 2451 1369 2497 perdita
1394 2451 1539 2498 quidem
1564 2455 1629 2486 aut
1655 2462 1737 2496 pro·

196 2502 273 2537 dita
286 2510 313 2537 Β
323 2528 333 2544 ,
359 2514 404 2537 ne
421 2503 603 2547 praedicta
619 2504 764 2549 quidem
780 2509 817 2540 et
833 2506 975 2551 prodita
989 2505 1049 2552 N!
1066 2510 1251 2552 segentem
1268 2508 1376 2543 unius
1392 2517 1418 2542 Β
1436 2508 1448 2554 ΙΙ
1468 2510 1505 2542 11
1527 2520 1572 2542 ex
1588 2520 1645 2542 om
1660 2515 1694 2542 Ν
1708 2507 1720 2553 fl

198 2561 238 2593 12
256 2559 449 2606 inproauso
466 2559 486 2593 b
504 2560 515 2605 ss
537 2561 577 2594 13
601 2560 747 2606 rapiunt
771 2561 988 2608 trelegiones
1003 2570 1036 2596 Ν
1050 2563 1061 2608 fl
1083 2565 1122 2596 14
1148 2563 1368 2609 perdicastra
1383 2573 1409 2600 B
1426 2565 1437 2610 ss
1456 2576 1644 2600 cunensem
1661 2572 1694 2598 Ν
1708 2564 1720 2610 ΙΙ

196 2615 291 2650 diem
316 2615 477 2661 potuisse
503 2615 682 2662 (patuisse
708 2617 751 2663 b)
776 2617 892 2652 fassus
909 2624 964 2654 est
980 2630 1025 2654 ex
1042 2620 1162 2654 animo
1178 2629 1204 2654 B
1221 2621 1232 2666 ΙΙ
1255 2623 1295 2655 16
1320 2621 1572 2657 intolerantius
1597 2629 1627 2655 Ν
1654 2621 1665 2665 u
1695 2622 1734 2654 18

195 2672 303 2707 unius
329 2685 369 2707 os
392 2677 515 2708 sutum
538 2681 572 2707 Ν
586 2673 597 2717 Η
615 2685 712 2707 reo-a
727 2682 763 2715 B,
782 2674 896 2709 recisa
911 2687 934 2709 α
951 2678 971 2710 2
987 2689 1097 2711 mmm
1112 2677 1124 2723 fl
1145 2680 1186 2712 19
1210 2677 1342 2712 desiste
1357 2685 1391 2711 Ν
1405 2678 1416 2723 ΙΙ
1435 2680 1479 2712 20
1496 2677 1645 2712 humani
1660 2685 1694 2710 Ν
1708 2677 1719 2721 fl

196 2730 236 2762 21
264 2733 302 2764 et
323 2729 466 2764 barbari
491 2737 523 2764 Ν
546 2730 559 2775 n
586 2732 629 2764 22
654 2729 817 2775 signiferi
849 2738 883 2766 N
905 2732 917 2778 fl
944 2731 994 2767 im
1025 2741 1059 2768 N
1082 2734 1094 2780 Η
1119 2734 1255 2771 euulsit
1276 2743 1303 2769 B
1328 2734 1340 2779 ΙΙ
1371 2736 1412 2769 24
1438 2739 1495 2768 est
1519 2746 1573 2767 om
1607 2733 1665 2778 NH
1692 2735 1736 2767 25

197 2784 274 2819 reni
289 2792 314 2819 Β
331 2785 343 2831 ΙΙ
