2002 3320
258 217 311 256 84
910 229 1002 258 1vL1
1025 229 1153 257 ηοω

258 327 399 368 statio.
433 341 527 368 ecce
548 327 820 377 Ocriculum,
845 341 939 369 ecce
969 329 1284 377 Grumentum,
1317 341 1412 368 ecce
1430 327 1664 375 Faesulae,
1695 339 1790 366 ecce

257 397 445 439 Carseoli
465 396 670 437 Aesernia
685 386 871 437 Nuceria
891 397 1087 438 Picentia
1105 397 1277 452 penitus
1306 397 1415 438 ferro
1436 404 1478 438 et
1498 397 1598 451 igne
1619 402 1790 437 uastan-

259 475 341 509 tur.
376 467 495 507 fusae
516 465 659 507 Rutili
680 465 841 520 copiae,
865 467 984 507 fusae
1006 467 1248 521 Caepionis.
1283 481 1385 507 nam
1412 467 1502 521 ipse
1524 466 1663 508 Iulius
1685 466 1790 506 Cae-

257 552 325 579 sar
345 536 534 578 exercitu
554 536 709 577 amisso
730 551 828 576 cum
849 535 894 575 in
915 537 1065 577 urbem
1085 543 1286 577 cruentus
1306 537 1530 578 referretur
1557 534 1789 577 miserabili

257 608 431 657 funere,
464 605 649 647 mediam
676 620 751 660 per
771 606 888 647 uiam
918 607 1086 648 defecit.
1141 607 1216 647 sed
1244 620 1401 660 magna
1428 606 1577 660 populi
1608 603 1794 647 Romani
1824 612 1843 643 5

256 677 452 726 fortuna,
477 683 519 717 et
539 690 703 730 semper
723 676 769 716 in
789 676 912 718 malis
933 677 1091 727 maior,
1127 676 1227 717 totis
1257 677 1398 717 denuo
1427 675 1591 717 uiribus
1619 690 1791 716 consur-

257 747 367 788 rexit
378 764 389 796 3
425 746 695 801 adgressique
716 746 907 801 singulos
928 747 1109 801 populos
1132 747 1239 788 Cato
1260 745 1436 787 discutit
1456 746 1681 795 Etruscos,
1705 745 1791 786 Ga-

255 816 401 858 binius
423 818 606 866 Marsos,
630 817 768 857 Carbo
789 818 1001 866 Lucanos,
1027 816 1148 857 Sulla
1170 816 1383 857 Samnites
1395 831 1407 864 3
1443 815 1672 869 Pompeius
1691 828 1793 855 uero

259 887 413 928 Strabo
434 886 579 927 omnia
598 886 782 927 flammis
803 886 996 941 ferroque
1026 886 1256 941 populatus
1285 900 1373 926 non
1401 885 1519 939 prius
1550 886 1680 926 finem
1701 898 1792 925 cae-

258 957 379 997 dium
398 956 522 1006 fecit,
547 971 673 1011 quam
695 956 845 997 Asculi
867 956 1086 998 euersione
1106 956 1303 998 manibus
1326 962 1388 996 tot
1409 955 1673 996 exercituum
1693 967 1791 994 con·
1823 959 1865 991 10

257 1027 401 1068 sulum
421 1026 766 1081 direptarumque
787 1026 959 1067 urbium
980 1026 1044 1067 dis
1072 1026 1281 1067 litaretur.

686 1174 793 1215 VII.
826 1174 1071 1215 BELLVM
1095 1173 1366 1215 SERVILE.

100 1310 171 1346 111,
195 1297 244 1337 19
262 1298 500 1352 Hucusque
522 1297 601 1338 etsi
622 1312 720 1338 cum
741 1296 864 1338 sociis
887 1322 941 1326 -—
961 1297 1079 1337 nefas
1097 1321 1150 1327 —
1168 1311 1266 1337 cum
1285 1297 1429 1338 liberis
1451 1304 1595 1337 tamen
1615 1301 1657 1336 et
1677 1294 1795 1348 inge-

256 1367 354 1408 nuis
377 1366 626 1407 dimicatum
647 1374 737 1408 est:
773 1366 868 1421 quis
899 1381 1032 1421 aequo
1054 1366 1196 1407 animo
1226 1367 1333 1408 ferat
1362 1367 1408 1407 in
1428 1363 1619 1420 principe
1639 1363 1797 1419 populo

255 1437 369 1478 bella
399 1437 645 1478 seruorum?
686 1436 873 1491 primum
904 1436 1057 1477 seruile
1093 1437 1258 1478 bellum
1295 1437 1407 1478 inter
1435 1435 1561 1476 initia
1589 1432 1796 1475 libertatis
1827 1439 1868 1471 15

258 1507 479 1548 Herdonio
500 1508 608 1547 duce
630 1506 789 1548 Sabino
810 1506 856 1547 in
876 1507 969 1561 ipsa
999 1507 1103 1547 urbe
1121 1499 1391 1561 'temptatum
1423 1513 1486 1547 est
1499 1537 1512 1555 ,
1550 1519 1649 1545 cum
1677 1517 1798 1545 occu-

256 1583 358 1631 pata
378 1576 619 1618 tribuniciis
640 1577 921 1618 seditionibus
942 1576 1118 1618 ciuitate
1139 1577 1401 1631 Capitolium
1431 1576 1650 1616 obsessum
1671 1580 1735 1615 est
1755 1582 1798 1613 et

259 1661 284 1687 a
305 1647 479 1688 consule
500 1653 743 1700 receptum3
778 1648 852 1688 sed
870 1646 941 1687 hic
971 1647 1185 1689 tumultus
1205 1647 1341 1702 magis
1362 1646 1446 1687 fuit
1467 1660 1597 1701 quam
1615 1644 1792 1685 bellum.

259 1731 361 1758 mox
380 1716 558 1770 imperio
578 1731 652 1770 per
673 1711 841 1757 diuersa
861 1723 1069 1757 terrarum
1089 1724 1294 1772 occupato
1308 1749 1321 1767 ,
1355 1716 1449 1771 quis
1481 1716 1670 1756 crederet
1692 1712 1797 1755 Sici-

260 1786 363 1827 liam
383 1787 521 1827 multo
543 1787 760 1828 cruentius
783 1786 929 1828 seruili
959 1801 1087 1841 quam
1109 1787 1275 1828 Punico
1304 1787 1418 1828 bello
1448 1800 1539 1827 esse
1558 1781 1798 1826 uastatam?
1827 1789 1870 1821 20

261 1864 371 1897 terra
391 1856 565 1910 frugum
584 1857 700 1897 ferax
731 1864 774 1897 et
804 1858 988 1911 quodam
1017 1857 1144 1897 modo
1176 1858 1420 1898 suburbana
1451 1853 1674 1911 prouincia
1703 1851 1799 1894 lati-

262 1926 422 1967 fundiis
444 1926 605 1967 ciuium
626 1928 920 1968 Romanorum
949 1928 1187 1968 tenebatur.
1233 1927 1303 1968 hic
1338 1928 1392 1967 ad
1421 1926 1587 1967 cultum
1607 1923 1699 1978 agri
1718 1922 1798 1963 fre-

263 1996 438 2050 quentia
458 1997 672 2050 ergastula
687 1997 956 2051 catenatique
977 1998 1161 2038 cultores
1174 1996 1398 2037 materiam
1416 1996 1530 2035 bello
1551 1994 1796 2048 praebuere.

265 2067 396 2121 Syrus
428 2066 601 2121 quidam
627 2066 801 2108 nomine
832 2068 983 2108 Eunus
1008 2092 1055 2100 -
1088 2066 1340 2121 magnitudo
1371 2064 1558 2105 cladium
1592 2062 1718 2111 facit,
1751 2068 1800 2102 ut

264 2137 583 2178 meminerimus
608 2163 654 2167 —-
683 2137 868 2179 fanatico
888 2138 1028 2179 furore
1059 2136 1260 2177 simulato
1289 2136 1393 2176 dum
1424 2133 1570 2188 Syriae
1601 2133 1703 2173 deae
1733 2146 1801 2172 co-
1829 2138 1873 2171 25

268 2310 530 2344 1‚crumentum
545 2314 570 2340 B
597 2305 607 2350 Η
633 2305 796 2351 pessulae
820 2314 845 2340 Β
872 2306 882 2351 Η
908 2311 944 2340 et
968 2306 1117 2340 carseoli
1142 2314 1189 2347 Β,
1215 2317 1295 2339 eece
1319 2303 1473 2350 parseoli
1500 2310 1533 2336 N
1556 2302 1567 2348 Η
1594 2304 1613 2335 2
1629 2298 1804 2335 Aesernia

265 2362 411 2407 scripsi:
438 2367 594 2396 reserata
608 2371 644 2403 Β,
664 2368 798 2396 reserat
813 2370 845 2395 N
860 2362 871 2406 Η
890 2361 1052 2397 Picentia
1078 2363 1222 2408 penitus
1245 2360 1429 2405 Hauptz'us
1442 2373 1453 2392 .-
1479 2354 1803 2404 picentimoenibus

265 2427 301 2460 B,
322 2419 478 2463 picentia
496 2418 664 2452 caedibus
681 2426 711 2452 N
728 2418 739 2463 Η
759 2420 778 2451 3
801 2417 930 2452 rutilae
955 2426 980 2451 B
998 2418 1008 2463 Η
1028 2418 1189 2464 copionis
1211 2426 1236 2451 B
1261 2417 1273 2462 Η
1299 2417 1397 2451 illius
1422 2426 1541 2450 caesar
1567 2422 1592 2448 B
1605 2440 1613 2455 ,
1640 2410 1803 2447 Rutilius

267 2474 393 2508 consul
409 2474 674 2508 Freinshemius
693 2474 704 2519 Η
723 2478 739 2507 4
753 2474 920 2508 ammisso
930 2483 1027 2508 curB
1045 2474 1056 2520 Η
1074 2475 1287 2508 eferreturN
1297 2471 1314 2518 Η
1331 2470 1526 2506 miserabili
1542 2469 1612 2504 fine
1636 2466 1769 2502 Titzius
1787 2465 1799 2511 Η

268 2533 287 2563 5
304 2530 459 2564 mediam
475 2541 538 2574 per
553 2530 700 2574 scripsi:
726 2530 879 2564 mediam
897 2530 1022 2565 urbem
1039 2542 1102 2576 per
1117 2538 1173 2564 ΒΝ
1190 2530 1201 2575 Η
1229 2529 1360 2564 defecit
1392 2527 1545 2562 Titzz'us:
1569 2524 1656 2560 fecit
1678 2530 1737 2557 BN
1751 2522 1762 2568 Η
1780 2524 1800 2557 6

267 2590 322 2620 est
336 2594 361 2619 B
379 2586 390 2630 Η
409 2585 453 2619 de
478 2595 543 2619 suo
560 2593 592 2618 N
608 2585 618 2628 Η
645 2585 840 2621 insurrexit
861 2595 891 2621 N
909 2587 919 2633 Η
949 2589 967 2620 7
992 2580 1182 2633 singuli'N
1197 2587 1208 2632 Η
1233 2591 1410 2620 etti-uscos
1431 2592 1457 2618 Β
1482 2583 1493 2628 Η
1519 2580 1687 2628 gauinius
1702 2586 1736 2613 N
1750 2578 1761 2624 Η
1780 2579 1800 2612 8

265 2642 356 2689 sylla
370 2649 429 2676 ΒΝ
444 2641 454 2686 ΙΙ
473 2643 493 2675 9
511 2640 632 2674 strabo
651 2652 738 2674 uero
764 2643 950 2687 pompeius
966 2651 999 2677 N
1015 2643 1025 2688 Η
1052 2642 1172 2676 strabo
1197 2654 1252 2676 om
1279 2650 1301 2675 Β
1327 2641 1338 2686 Η
1367 2643 1407 2674 10
1432 2639 1518 2674 feeit
1541 2649 1596 2672 om
1611 2636 1670 2681 ΝΗ
1695 2645 1803 2680 quam

266 2699 332 2732 hac
349 2697 536 2732 euersione
552 2704 577 2731 Β
595 2696 606 2741 Η
629 2698 668 2729 13
687 2696 874 2743 hucusque
890 2698 1039 2743 scripsi.-
1065 2703 1260 2743 utcumque
1284 2705 1326 2738 N,
1352 2696 1390 2730 id
1414 2694 1722 2741 qualitercumque
1744 2698 1770 2725 B
1786 2690 1799 2735 Η

266 2765 348 2788 oum
365 2765 420 2787 om
436 2761 462 2788 B
479 2753 490 2799 Η
508 2753 646 2787 libertis
661 2761 686 2787 B
704 2753 715 2799 Η
739 2755 774 2786 1-1
790 2751 956 2798 ¹principe
974 2754 1137 2799 gentium
1155 2753 1290 2799 populo
1307 2761 1342 2787 N
1355 2753 1366 2797 Η
1387 2754 1428 2785 15
1453 2750 1546 2784 inter
1574 2747 1679 2782 initia
1701 2746 1808 2780 liber-

267 2809 351 2844 tatis
367 2809 517 2854 scripsi:
535 2809 573 2844 in
589 2809 689 2844 italia
706 2808 846 2850 urbisB,
867 2808 960 2843 inter
977 2809 1080 2843 initia
1097 2809 1196 2843 urbis
1210 2817 1243 2843 N
1258 2809 1268 2854 Η
1291 2805 1475 2842 lsssabino
1492 2805 1625 2839 duceN
1639 2804 1650 2849 Η
1674 2804 1712 2836 18
1723 2813 1803 2847 cap-

268 2871 344 2899 tum
360 2874 393 2899 N
408 2868 418 2910 Η
439 2869 473 2899 21
498 2871 628 2902 terram
643 2873 668 2899 Β
686 2865 697 2909 Η
715 2864 779 2899 lati
796 2864 917 2899 fundis
934 2874 969 2906 B,
991 2866 1062 2900 lato
1078 2864 1200 2899 fundis
1217 2872 1250 2898 N
1264 2864 1275 2909 ΙΙ
1294 2865 1335 2897 22
1359 2871 1586 2896 romanorum
1614 2858 1806 2893 latinorum

268 2921 458 2956 tenebatur
474 2930 502 2955 N
521 2923 531 2967 Η
550 2927 586 2955 at
605 2922 624 2955 b
643 2922 653 2966 Η
673 2923 714 2955 24
734 2921 825 2955 sirus
842 2929 866 2955 11
885 2921 896 2967 Η
915 2933 1026 2955 conus
1043 2929 1068 2955 B
1087 2921 1098 2966 Η
1117 2920 1277 2965 gladium
1293 2927 1349 2953 ΒΝ
1365 2918 1376 2963 Η
1395 2923 1431 2952 et
1446 2925 1471 2951 Β
1488 2917 1499 2962 Η
1519 2919 1559 2950 25
1579 2915 1683 2950 siriae
1701 2922 1733 2949 N
1748 2914 1760 2960 Η
