<?xml version="1.0" encoding="UTF-8"?>
<!DOCTYPE html PUBLIC "-//W3C//DTD XHTML 1.0 Transitional//EN"
    "http://www.w3.org/TR/xhtml1/DTD/xhtml1-transitional.dtd">
<html xmlns="http://www.w3.org/1999/xhtml" xml:lang="en" lang="en">
 <head>
  <title>
</title>
<meta http-equiv="Content-Type" content="text/html;charset=utf-8" />
  <meta name='ocr-system' content='tesseract 3.04.00' />
  <meta name='ocr-capabilities' content='ocr_page ocr_carea ocr_par ocr_line ocrx_word'/>
</head>
<body>
  <div class='ocr_page' id='page_1' title='image "./epitomaedetitol00floruoft_0107.png"; bbox 0 0 2002 3320; ppageno 0'>
   <div class='ocr_carea' id='block_1_1' title="bbox 0 2907 51 3320">
    <p class='ocr_par' dir='ltr' id='par_1_1' title="bbox 0 2907 51 3320">
     <span class='ocr_line' id='line_1_1' title="bbox 0 2907 51 3320; baseline 0 0"><span class='ocrx_word' id='word_1_1' title='bbox 0 2907 51 3320; x_wconf 95' lang='lat' dir='ltr'><strong> </strong></span> 
     </span>
    </p>
   </div>
   <div class='ocr_carea' id='block_1_2' title="bbox 719 250 1744 310">
    <p class='ocr_par' dir='ltr' id='par_1_2' title="bbox 719 250 1744 310">
     <span class='ocr_line' id='line_1_2' title="bbox 719 250 1744 310; baseline -0.004 -14"><span class='ocrx_word' id='word_1_2' title='bbox 719 266 916 296; x_wconf 74' lang='grc' dir='ltr'><strong>ΕΡῙΤΟΜΑ</strong></span> <span class='ocrx_word' id='word_1_3' title='bbox 937 266 970 303; x_wconf 93' lang='lat'><strong>1,</strong></span> <span class='ocrx_word' id='word_1_4' title='bbox 994 261 1037 294; x_wconf 88' lang='grc'><strong>33</strong></span> <span class='ocrx_word' id='word_1_5' title='bbox 1061 250 1132 309; x_wconf 88' lang='lat'><strong>[11,</strong></span> <span class='ocrx_word' id='word_1_6' title='bbox 1159 253 1234 309; x_wconf 86' lang='lat'>17].</span> <span class='ocrx_word' id='word_1_7' title='bbox 1463 306 1468 310; x_wconf 15' lang='grc' dir='ltr'><strong><em>ᾖ</em></strong></span> <span class='ocrx_word' id='word_1_8' title='bbox 1692 253 1744 292; x_wconf 85' lang='grc'><strong>53</strong></span> 
     </span>
    </p>
   </div>
   <div class='ocr_carea' id='block_1_3' title="bbox 211 363 1748 629">
    <p class='ocr_par' dir='ltr' id='par_1_3' title="bbox 211 363 1748 629">
     <span class='ocr_line' id='line_1_3' title="bbox 211 363 1746 422; baseline -0.003 -14"><span class='ocrx_word' id='word_1_9' title='bbox 211 373 351 422; x_wconf 77' lang='lat' dir='ltr'><strong>partes</strong></span> <span class='ocrx_word' id='word_1_10' title='bbox 370 366 456 408; x_wconf 87' lang='lat' dir='ltr'><strong>iam</strong></span> <span class='ocrx_word' id='word_1_11' title='bbox 475 365 560 406; x_wconf 88' lang='lat' dir='ltr'><strong>huc</strong></span> <span class='ocrx_word' id='word_1_12' title='bbox 572 395 585 415; x_wconf 91' lang='lat'>‚</span> <span class='ocrx_word' id='word_1_13' title='bbox 621 365 709 406; x_wconf 84' lang='lat' dir='ltr'><strong>iam</strong></span> <span class='ocrx_word' id='word_1_14' title='bbox 727 365 831 407; x_wconf 88' lang='lat' dir='ltr'><strong>illuc</strong></span> <span class='ocrx_word' id='word_1_15' title='bbox 850 365 970 407; x_wconf 89' lang='lat' dir='ltr'><strong>missi</strong></span> <span class='ocrx_word' id='word_1_16' title='bbox 990 366 1119 406; x_wconf 88' lang='lat' dir='ltr'><strong>duces</strong></span> <span class='ocrx_word' id='word_1_17' title='bbox 1131 397 1144 415; x_wconf 96' lang='lat'><strong>,</strong></span> <span class='ocrx_word' id='word_1_18' title='bbox 1177 365 1250 420; x_wconf 93' lang='lat' dir='ltr'><strong>qui</strong></span> <span class='ocrx_word' id='word_1_19' title='bbox 1271 364 1551 406; x_wconf 87' lang='lat' dir='ltr'><strong>ferocissimas</strong></span> <span class='ocrx_word' id='word_1_20' title='bbox 1573 371 1615 404; x_wconf 90' lang='lat' dir='ltr'><strong>et</strong></span> <span class='ocrx_word' id='word_1_21' title='bbox 1634 363 1681 404; x_wconf 91' lang='lat' dir='ltr'><strong>in</strong></span> <span class='ocrx_word' id='word_1_22' title='bbox 1701 363 1746 404; x_wconf 92' lang='lat' dir='ltr'><strong>id</strong></span> 
     </span>
     <span class='ocr_line' id='line_1_4' title="bbox 214 434 1748 491; baseline -0.003 -14"><span class='ocrx_word' id='word_1_23' title='bbox 214 445 382 491; x_wconf 88' lang='lat' dir='ltr'><strong>tempus</strong></span> <span class='ocrx_word' id='word_1_24' title='bbox 400 435 554 476; x_wconf 89' lang='lat' dir='ltr'><strong>liberas</strong></span> <span class='ocrx_word' id='word_1_25' title='bbox 575 443 724 490; x_wconf 83' lang='lat' dir='ltr'><strong>gentes</strong></span> <span class='ocrx_word' id='word_1_26' title='bbox 749 435 928 489; x_wconf 91' lang='lat' dir='ltr'><strong>ideoque</strong></span> <span class='ocrx_word' id='word_1_27' title='bbox 955 435 1214 490; x_wconf 83' lang='lat' dir='ltr'><strong>inpatientes</strong></span> <span class='ocrx_word' id='word_1_28' title='bbox 1234 435 1326 490; x_wconf 90' lang='lat' dir='ltr'><strong>iugi</strong></span> <span class='ocrx_word' id='word_1_29' title='bbox 1346 435 1484 476; x_wconf 91' lang='lat' dir='ltr'><strong>multo</strong></span> <span class='ocrx_word' id='word_1_30' title='bbox 1504 434 1648 475; x_wconf 88' lang='lat' dir='ltr'><strong>labore</strong></span> <span class='ocrx_word' id='word_1_31' title='bbox 1667 447 1748 474; x_wconf 89' lang='lat' dir='ltr'><strong>nec</strong></span> 
     </span>
     <span class='ocr_line' id='line_1_5' title="bbox 211 501 1747 547; baseline -0.003 0"><span class='ocrx_word' id='word_1_32' title='bbox 211 505 445 547; x_wconf 89' lang='lat' dir='ltr'><strong>incruentis</strong></span> <span class='ocrx_word' id='word_1_33' title='bbox 475 505 781 547; x_wconf 81' lang='lat' dir='ltr'><strong>certaminibus</strong></span> <span class='ocrx_word' id='word_1_34' title='bbox 811 505 970 546; x_wconf 89' lang='lat' dir='ltr'><strong>seruire</strong></span> <span class='ocrx_word' id='word_1_35' title='bbox 1001 506 1253 546; x_wconf 89' lang='lat' dir='ltr'><strong>docuerunt.</strong></span> <span class='ocrx_word' id='word_1_36' title='bbox 1287 505 1394 546; x_wconf 90' lang='lat' dir='ltr'><strong>Cato</strong></span> <span class='ocrx_word' id='word_1_37' title='bbox 1422 504 1496 545; x_wconf 93' lang='lat' dir='ltr'><strong>ille</strong></span> <span class='ocrx_word' id='word_1_38' title='bbox 1517 501 1747 545; x_wconf 89' lang='lat' dir='ltr'><strong>Censorius</strong></span> 
     </span>
     <span class='ocr_line' id='line_1_6' title="bbox 213 572 1747 629; baseline -0.003 -12"><span class='ocrx_word' id='word_1_39' title='bbox 213 574 464 625; x_wconf 85' lang='lat' dir='ltr'><strong>Celtiberos,</strong></span> <span class='ocrx_word' id='word_1_40' title='bbox 487 575 532 616; x_wconf 92' lang='lat' dir='ltr'><strong>id</strong></span> <span class='ocrx_word' id='word_1_41' title='bbox 553 582 616 616; x_wconf 89' lang='lat' dir='ltr'><strong>est</strong></span> <span class='ocrx_word' id='word_1_42' title='bbox 636 575 766 616; x_wconf 89' lang='lat' dir='ltr'><strong>robur</strong></span> <span class='ocrx_word' id='word_1_43' title='bbox 785 575 1041 629; x_wconf 83' lang='lat' dir='ltr'><strong>Hispaniae,</strong></span> <span class='ocrx_word' id='word_1_44' title='bbox 1066 575 1228 629; x_wconf 87' lang='lat' dir='ltr'><strong>aliquot</strong></span> <span class='ocrx_word' id='word_1_45' title='bbox 1247 573 1419 628; x_wconf 90' lang='lat' dir='ltr'><strong>proeliis</strong></span> <span class='ocrx_word' id='word_1_46' title='bbox 1439 572 1581 627; x_wconf 88' lang='lat' dir='ltr'><strong>fregit.</strong></span> <span class='ocrx_word' id='word_1_47' title='bbox 1615 573 1747 614; x_wconf 85' lang='lat' dir='ltr'><strong>Grac·</strong></span> 
     </span>
    </p>
   </div>
   <div class='ocr_carea' id='block_1_4' title="bbox 170 641 1750 699">
    <p class='ocr_par' dir='ltr' id='par_1_4' title="bbox 170 641 1750 699">
     <span class='ocr_line' id='line_1_7' title="bbox 170 641 1750 699; baseline -0.002 -14"><span class='ocrx_word' id='word_1_48' title='bbox 170 653 191 684; x_wconf 83' lang='lat'><strong>5</strong></span> <span class='ocrx_word' id='word_1_49' title='bbox 211 644 316 686; x_wconf 90' lang='lat' dir='ltr'><strong>chus</strong></span> <span class='ocrx_word' id='word_1_50' title='bbox 328 676 341 694; x_wconf 91' lang='lat'><strong>,</strong></span> <span class='ocrx_word' id='word_1_51' title='bbox 378 652 500 699; x_wconf 89' lang='lat' dir='ltr'><strong>pater</strong></span> <span class='ocrx_word' id='word_1_52' title='bbox 529 645 602 686; x_wconf 91' lang='lat' dir='ltr'><strong>ille</strong></span> <span class='ocrx_word' id='word_1_53' title='bbox 633 645 952 695; x_wconf 86' lang='lat' dir='ltr'><strong>Gracchorum,</strong></span> <span class='ocrx_word' id='word_1_54' title='bbox 989 646 1160 686; x_wconf 89' lang='lat' dir='ltr'><strong>eosdem</strong></span> <span class='ocrx_word' id='word_1_55' title='bbox 1180 650 1354 685; x_wconf 90' lang='lat' dir='ltr'><strong>centum</strong></span> <span class='ocrx_word' id='word_1_56' title='bbox 1374 650 1417 684; x_wconf 91' lang='lat' dir='ltr'><strong>et</strong></span> <span class='ocrx_word' id='word_1_57' title='bbox 1437 641 1750 697; x_wconf 88' lang='lat' dir='ltr'><strong>quinquaginta</strong></span> 
     </span>
    </p>
   </div>
   <div class='ocr_carea' id='block_1_5' title="bbox 147 1003 189 1035">
    <p class='ocr_par' dir='ltr' id='par_1_5' title="bbox 147 1003 189 1035">
     <span class='ocr_line' id='line_1_8' title="bbox 147 1003 189 1035; baseline 0.024 -1"><span class='ocrx_word' id='word_1_58' title='bbox 147 1003 189 1035; x_wconf 88' lang='lat'><strong>10</strong></span> 
     </span>
    </p>
   </div>
   <div class='ocr_carea' id='block_1_6' title="bbox 147 1352 189 1384">
    <p class='ocr_par' dir='ltr' id='par_1_6' title="bbox 147 1352 189 1384">
     <span class='ocr_line' id='line_1_9' title="bbox 147 1352 189 1384; baseline 0.024 -1"><span class='ocrx_word' id='word_1_59' title='bbox 147 1352 189 1384; x_wconf 89' lang='lat'><strong>15</strong></span> 
     </span>
    </p>
   </div>
   <div class='ocr_carea' id='block_1_7' title="bbox 149 1701 192 1734">
    <p class='ocr_par' dir='ltr' id='par_1_7' title="bbox 149 1701 192 1734">
     <span class='ocr_line' id='line_1_10' title="bbox 149 1701 192 1734; baseline 0.023 -1"><span class='ocrx_word' id='word_1_60' title='bbox 149 1701 192 1734; x_wconf 85' lang='lat'><strong>20</strong></span> 
     </span>
    </p>
   </div>
   <div class='ocr_carea' id='block_1_8' title="bbox 151 2049 195 2082">
    <p class='ocr_par' dir='ltr' id='par_1_8' title="bbox 151 2049 195 2082">
     <span class='ocr_line' id='line_1_11' title="bbox 151 2049 195 2082; baseline 0.023 -1"><span class='ocrx_word' id='word_1_61' title='bbox 151 2049 195 2082; x_wconf 88' lang='grc'><strong>25</strong></span> 
     </span>
    </p>
   </div>
   <div class='ocr_carea' id='block_1_9' title="bbox 210 710 1761 2377">
    <p class='ocr_par' dir='ltr' id='par_1_9' title="bbox 210 710 1755 1467">
     <span class='ocr_line' id='line_1_12' title="bbox 213 710 1751 768; baseline -0.003 -13"><span class='ocrx_word' id='word_1_62' title='bbox 213 714 386 756; x_wconf 90' lang='lat' dir='ltr'><strong>urbium</strong></span> <span class='ocrx_word' id='word_1_63' title='bbox 414 715 635 756; x_wconf 88' lang='lat' dir='ltr'><strong>euersione</strong></span> <span class='ocrx_word' id='word_1_64' title='bbox 665 715 884 757; x_wconf 89' lang='lat' dir='ltr'><strong>multauit.</strong></span> <span class='ocrx_word' id='word_1_65' title='bbox 916 715 1141 756; x_wconf 77' lang='lat' dir='ltr'><strong>.MeteHus</strong></span> <span class='ocrx_word' id='word_1_66' title='bbox 1172 713 1272 764; x_wconf 90' lang='lat' dir='ltr'><strong>ille,</strong></span> <span class='ocrx_word' id='word_1_67' title='bbox 1308 713 1383 768; x_wconf 93' lang='lat' dir='ltr'><strong>qui</strong></span> <span class='ocrx_word' id='word_1_68' title='bbox 1412 727 1467 753; x_wconf 89' lang='lat' dir='ltr'><strong>ex</strong></span> <span class='ocrx_word' id='word_1_69' title='bbox 1496 710 1751 753; x_wconf 89' lang='lat' dir='ltr'><strong>Macedonia</strong></span> 
     </span>
     <span class='ocr_line' id='line_1_13' title="bbox 210 782 1750 839; baseline -0.003 -13"><span class='ocrx_word' id='word_1_70' title='bbox 210 799 447 839; x_wconf 89' lang='lat' dir='ltr'><strong>cognomen</strong></span> <span class='ocrx_word' id='word_1_71' title='bbox 467 792 694 835; x_wconf 86' lang='lat' dir='ltr'><strong>meruerat,</strong></span> <span class='ocrx_word' id='word_1_72' title='bbox 717 792 760 826; x_wconf 92' lang='lat' dir='ltr'><strong>et</strong></span> <span class='ocrx_word' id='word_1_73' title='bbox 780 784 1060 826; x_wconf 87' lang='lat' dir='ltr'><strong>Celtibericus</strong></span> <span class='ocrx_word' id='word_1_74' title='bbox 1080 784 1174 826; x_wconf 88' lang='lat' dir='ltr'><strong>fieri</strong></span> <span class='ocrx_word' id='word_1_75' title='bbox 1191 783 1364 833; x_wconf 89' lang='lat' dir='ltr'><strong>meruit,</strong></span> <span class='ocrx_word' id='word_1_76' title='bbox 1388 797 1487 823; x_wconf 91' lang='lat' dir='ltr'><strong>cum</strong></span> <span class='ocrx_word' id='word_1_77' title='bbox 1507 789 1550 823; x_wconf 89' lang='lat' dir='ltr'><strong>et</strong></span> <span class='ocrx_word' id='word_1_78' title='bbox 1571 782 1750 823; x_wconf 90' lang='lat' dir='ltr'><strong>Contre-</strong></span> 
     </span>
     <span class='ocr_line' id='line_1_14' title="bbox 210 850 1753 909; baseline -0.003 -13"><span class='ocrx_word' id='word_1_79' title='bbox 210 855 327 896; x_wconf 90' lang='lat' dir='ltr'><strong>biam</strong></span> <span class='ocrx_word' id='word_1_80' title='bbox 346 855 612 896; x_wconf 82' lang='lat' dir='ltr'><strong>memorabili</strong></span> <span class='ocrx_word' id='word_1_81' title='bbox 632 855 812 909; x_wconf 86' lang='lat' dir='ltr'><strong>cepisset</strong></span> <span class='ocrx_word' id='word_1_82' title='bbox 843 856 1037 909; x_wconf 83' lang='lat' dir='ltr'><strong>exemplo</strong></span> <span class='ocrx_word' id='word_1_83' title='bbox 1067 862 1110 896; x_wconf 94' lang='lat' dir='ltr'><strong>et</strong></span> <span class='ocrx_word' id='word_1_84' title='bbox 1138 853 1419 907; x_wconf 87' lang='lat' dir='ltr'><strong>Nertobrigae</strong></span> <span class='ocrx_word' id='word_1_85' title='bbox 1438 851 1598 893; x_wconf 87' lang='lat' dir='ltr'><strong>maiore</strong></span> <span class='ocrx_word' id='word_1_86' title='bbox 1617 850 1753 906; x_wconf 88' lang='lat' dir='ltr'><strong>gloria</strong></span> 
     </span>
     <span class='ocr_line' id='line_1_15' title="bbox 213 920 1751 981; baseline -0.004 -15"><span class='ocrx_word' id='word_1_87' title='bbox 213 924 485 979; x_wconf 90' lang='lat' dir='ltr'><strong>pepercisset.</strong></span> <span class='ocrx_word' id='word_1_88' title='bbox 520 925 728 966; x_wconf 87' lang='lat' dir='ltr'><strong>Lucullus</strong></span> <span class='ocrx_word' id='word_1_89' title='bbox 750 925 962 981; x_wconf 84' lang='lat' dir='ltr'><strong>Turdulos</strong></span> <span class='ocrx_word' id='word_1_90' title='bbox 983 931 1109 979; x_wconf 90' lang='lat' dir='ltr'><strong>atque</strong></span> <span class='ocrx_word' id='word_1_91' title='bbox 1131 925 1367 973; x_wconf 87' lang='lat' dir='ltr'><strong>Vaccaeos,</strong></span> <span class='ocrx_word' id='word_1_92' title='bbox 1402 923 1455 963; x_wconf 91' lang='lat' dir='ltr'><strong>de</strong></span> <span class='ocrx_word' id='word_1_93' title='bbox 1485 921 1639 975; x_wconf 90' lang='lat' dir='ltr'><strong>quibus</strong></span> <span class='ocrx_word' id='word_1_94' title='bbox 1663 920 1751 961; x_wconf 87' lang='lat' dir='ltr'><strong>Sci-</strong></span> 
     </span>
     <span class='ocr_line' id='line_1_16' title="bbox 215 992 1752 1049; baseline -0.003 -13"><span class='ocrx_word' id='word_1_95' title='bbox 215 995 287 1049; x_wconf 88' lang='lat' dir='ltr'><strong>pio</strong></span> <span class='ocrx_word' id='word_1_96' title='bbox 307 995 381 1036; x_wconf 91' lang='lat' dir='ltr'><strong>ille</strong></span> <span class='ocrx_word' id='word_1_97' title='bbox 401 994 608 1049; x_wconf 87' lang='lat' dir='ltr'><strong>posterior</strong></span> <span class='ocrx_word' id='word_1_98' title='bbox 628 994 837 1049; x_wconf 85' lang='lat' dir='ltr'><strong>singulari</strong></span> <span class='ocrx_word' id='word_1_99' title='bbox 857 994 1112 1043; x_wconf 89' lang='lat' dir='ltr'><strong>certamine,</strong></span> <span class='ocrx_word' id='word_1_100' title='bbox 1146 1008 1244 1034; x_wconf 90' lang='lat' dir='ltr'><strong>cum</strong></span> <span class='ocrx_word' id='word_1_101' title='bbox 1273 1007 1350 1033; x_wconf 82' lang='lat' dir='ltr'><strong>rex</strong></span> <span class='ocrx_word' id='word_1_102' title='bbox 1379 992 1530 1032; x_wconf 88' lang='lat' dir='ltr'><strong>fuisset</strong></span> <span class='ocrx_word' id='word_1_103' title='bbox 1550 1005 1752 1045; x_wconf 87' lang='lat' dir='ltr'><strong>prouoca-</strong></span> 
     </span>
     <span class='ocr_line' id='line_1_17' title="bbox 216 1060 1753 1118; baseline -0.003 -12"><span class='ocrx_word' id='word_1_104' title='bbox 216 1072 307 1114; x_wconf 89' lang='lat' dir='ltr'><strong>tor,</strong></span> <span class='ocrx_word' id='word_1_105' title='bbox 340 1064 482 1118; x_wconf 91' lang='lat' dir='ltr'><strong>opima</strong></span> <span class='ocrx_word' id='word_1_106' title='bbox 510 1064 727 1105; x_wconf 86' lang='lat' dir='ltr'><strong>retulerat.</strong></span> <span class='ocrx_word' id='word_1_107' title='bbox 762 1063 965 1104; x_wconf 87' lang='lat' dir='ltr'><strong>Decimus</strong></span> <span class='ocrx_word' id='word_1_108' title='bbox 995 1066 1156 1104; x_wconf 87' lang='lat' dir='ltr'><strong>Brutus</strong></span> <span class='ocrx_word' id='word_1_109' title='bbox 1178 1061 1397 1115; x_wconf 89' lang='lat' dir='ltr'><strong>aliquanto</strong></span> <span class='ocrx_word' id='word_1_110' title='bbox 1417 1061 1546 1102; x_wconf 88' lang='lat' dir='ltr'><strong>latius</strong></span> <span class='ocrx_word' id='word_1_111' title='bbox 1568 1060 1753 1103; x_wconf 88' lang='lat' dir='ltr'><strong>Celticos</strong></span> 
     </span>
     <span class='ocr_line' id='line_1_18' title="bbox 215 1130 1753 1187; baseline -0.002 -13"><span class='ocrx_word' id='word_1_112' title='bbox 215 1133 529 1187; x_wconf 82' lang='lat' dir='ltr'><strong>Lusitanosque</strong></span> <span class='ocrx_word' id='word_1_113' title='bbox 559 1140 602 1174; x_wconf 93' lang='lat' dir='ltr'><strong>et</strong></span> <span class='ocrx_word' id='word_1_114' title='bbox 632 1132 770 1174; x_wconf 91' lang='lat' dir='ltr'><strong>omnis</strong></span> <span class='ocrx_word' id='word_1_115' title='bbox 801 1132 1039 1174; x_wconf 86' lang='lat' dir='ltr'><strong>Callaeciae</strong></span> <span class='ocrx_word' id='word_1_116' title='bbox 1059 1132 1239 1187; x_wconf 89' lang='lat' dir='ltr'><strong>populos</strong></span> <span class='ocrx_word' id='word_1_117' title='bbox 1260 1130 1620 1185; x_wconf 87' lang='lat' dir='ltr'><strong>formidatumque</strong></span> <span class='ocrx_word' id='word_1_118' title='bbox 1641 1130 1753 1171; x_wconf 85' lang='lat' dir='ltr'><strong>mili-</strong></span> 
     </span>
     <span class='ocr_line' id='line_1_19' title="bbox 216 1199 1755 1257; baseline -0.004 -12"><span class='ocrx_word' id='word_1_119' title='bbox 216 1203 330 1245; x_wconf 87' lang='lat' dir='ltr'><strong>tibus</strong></span> <span class='ocrx_word' id='word_1_120' title='bbox 350 1203 511 1245; x_wconf 90' lang='lat' dir='ltr'><strong>flumen</strong></span> <span class='ocrx_word' id='word_1_121' title='bbox 532 1202 775 1244; x_wconf 86' lang='lat' dir='ltr'><strong>Obliuionis</strong></span> <span class='ocrx_word' id='word_1_122' title='bbox 789 1234 802 1252; x_wconf 96' lang='lat'><strong>,</strong></span> <span class='ocrx_word' id='word_1_123' title='bbox 833 1209 1139 1257; x_wconf 86' lang='lat' dir='ltr'><strong>peragratoque</strong></span> <span class='ocrx_word' id='word_1_124' title='bbox 1170 1201 1308 1242; x_wconf 91' lang='lat' dir='ltr'><strong>uictor</strong></span> <span class='ocrx_word' id='word_1_125' title='bbox 1328 1199 1492 1242; x_wconf 84' lang='lat' dir='ltr'><strong>Oceani</strong></span> <span class='ocrx_word' id='word_1_126' title='bbox 1521 1200 1646 1241; x_wconf 87' lang='lat' dir='ltr'><strong>litore</strong></span> <span class='ocrx_word' id='word_1_127' title='bbox 1662 1208 1755 1240; x_wconf 67' lang='lat' dir='ltr'><strong>‘non</strong></span> 
     </span>
     <span class='ocr_line' id='line_1_20' title="bbox 217 1270 1754 1328; baseline -0.003 -13"><span class='ocrx_word' id='word_1_128' title='bbox 217 1273 335 1328; x_wconf 88' lang='lat' dir='ltr'><strong>prius</strong></span> <span class='ocrx_word' id='word_1_129' title='bbox 356 1273 480 1328; x_wconf 84' lang='lat' dir='ltr'><strong>signa</strong></span> <span class='ocrx_word' id='word_1_130' title='bbox 499 1273 711 1314; x_wconf 88' lang='lat' dir='ltr'><strong>conuertit</strong></span> <span class='ocrx_word' id='word_1_131' title='bbox 740 1287 870 1328; x_wconf 91' lang='lat' dir='ltr'><strong>quam</strong></span> <span class='ocrx_word' id='word_1_132' title='bbox 899 1274 1122 1314; x_wconf 87' lang='lat' dir='ltr'><strong>cadentem</strong></span> <span class='ocrx_word' id='word_1_133' title='bbox 1151 1271 1197 1312; x_wconf 89' lang='lat' dir='ltr'><strong>in</strong></span> <span class='ocrx_word' id='word_1_134' title='bbox 1224 1270 1359 1311; x_wconf 87' lang='lat' dir='ltr'><strong>maria</strong></span> <span class='ocrx_word' id='word_1_135' title='bbox 1379 1270 1513 1312; x_wconf 89' lang='lat' dir='ltr'><strong>solem</strong></span> <span class='ocrx_word' id='word_1_136' title='bbox 1533 1270 1754 1311; x_wconf 89' lang='lat' dir='ltr'><strong>obrutum-</strong></span> 
     </span>
     <span class='ocr_line' id='line_1_21' title="bbox 219 1339 1755 1399; baseline -0.003 -15"><span class='ocrx_word' id='word_1_137' title='bbox 219 1357 300 1397; x_wconf 91' lang='lat' dir='ltr'><strong>que</strong></span> <span class='ocrx_word' id='word_1_138' title='bbox 335 1342 455 1398; x_wconf 88' lang='lat' dir='ltr'><strong>aquis</strong></span> <span class='ocrx_word' id='word_1_139' title='bbox 488 1343 634 1399; x_wconf 89' lang='lat' dir='ltr'><strong>ignem</strong></span> <span class='ocrx_word' id='word_1_140' title='bbox 668 1357 755 1384; x_wconf 91' lang='lat' dir='ltr'><strong>non</strong></span> <span class='ocrx_word' id='word_1_141' title='bbox 791 1343 883 1385; x_wconf 90' lang='lat' dir='ltr'><strong>sine</strong></span> <span class='ocrx_word' id='word_1_142' title='bbox 918 1343 1103 1397; x_wconf 91' lang='lat' dir='ltr'><strong>quodam</strong></span> <span class='ocrx_word' id='word_1_143' title='bbox 1137 1339 1349 1395; x_wconf 87' lang='lat' dir='ltr'><strong>sacrilegii</strong></span> <span class='ocrx_word' id='word_1_144' title='bbox 1382 1347 1503 1382; x_wconf 86' lang='lat' dir='ltr'><strong>metu</strong></span> <span class='ocrx_word' id='word_1_145' title='bbox 1538 1347 1581 1381; x_wconf 89' lang='lat' dir='ltr'><strong>et</strong></span> <span class='ocrx_word' id='word_1_146' title='bbox 1616 1354 1755 1381; x_wconf 85' lang='lat' dir='ltr'><strong>orrore</strong></span> 
     </span>
     <span class='ocr_line' id='line_1_22' title="bbox 215 1413 452 1467; baseline 0.004 -14"><span class='ocrx_word' id='word_1_147' title='bbox 215 1413 452 1467; x_wconf 77' lang='lat' dir='ltr'><strong>deprendit.</strong></span> 
     </span>
    </p>

    <p class='ocr_par' dir='ltr' id='par_1_10' title="bbox 217 1481 1761 2377">
     <span class='ocr_line' id='line_1_23' title="bbox 333 1481 1756 1527; baseline -0.004 -2"><span class='ocrx_word' id='word_1_148' title='bbox 333 1483 419 1525; x_wconf 90' lang='lat' dir='ltr'><strong>Sed</strong></span> <span class='ocrx_word' id='word_1_149' title='bbox 440 1491 530 1526; x_wconf 91' lang='lat' dir='ltr'><strong>tota</strong></span> <span class='ocrx_word' id='word_1_150' title='bbox 550 1485 832 1527; x_wconf 88' lang='lat' dir='ltr'><strong>certaminum</strong></span> <span class='ocrx_word' id='word_1_151' title='bbox 851 1485 985 1526; x_wconf 91' lang='lat' dir='ltr'><strong>moles</strong></span> <span class='ocrx_word' id='word_1_152' title='bbox 1007 1498 1106 1525; x_wconf 88' lang='lat' dir='ltr'><strong>cum</strong></span> <span class='ocrx_word' id='word_1_153' title='bbox 1127 1482 1347 1524; x_wconf 86' lang='lat' dir='ltr'><strong>Lusitanis</strong></span> <span class='ocrx_word' id='word_1_154' title='bbox 1377 1481 1460 1522; x_wconf 88' lang='lat' dir='ltr'><strong>fuit</strong></span> <span class='ocrx_word' id='word_1_155' title='bbox 1489 1488 1531 1522; x_wconf 91' lang='lat' dir='ltr'><strong>et</strong></span> <span class='ocrx_word' id='word_1_156' title='bbox 1561 1482 1756 1522; x_wconf 88' lang='lat' dir='ltr'><strong>Numan-</strong></span> 
     </span>
     <span class='ocr_line' id='line_1_24' title="bbox 220 1551 1757 1610; baseline -0.003 -15"><span class='ocrx_word' id='word_1_157' title='bbox 220 1553 336 1595; x_wconf 88' lang='lat' dir='ltr'><strong>tinis.</strong></span> <span class='ocrx_word' id='word_1_158' title='bbox 369 1568 448 1595; x_wconf 91' lang='lat' dir='ltr'><strong>nec</strong></span> <span class='ocrx_word' id='word_1_159' title='bbox 468 1554 682 1596; x_wconf 79' lang='lat' dir='ltr'><strong>inmerito.</strong></span> <span class='ocrx_word' id='word_1_160' title='bbox 717 1555 874 1610; x_wconf 82' lang='lat' dir='ltr'><strong>quippe</strong></span> <span class='ocrx_word' id='word_1_161' title='bbox 903 1554 1003 1596; x_wconf 90' lang='lat' dir='ltr'><strong>solis</strong></span> <span class='ocrx_word' id='word_1_162' title='bbox 1032 1553 1229 1608; x_wconf 87' lang='lat' dir='ltr'><strong>gentium</strong></span> <span class='ocrx_word' id='word_1_163' title='bbox 1249 1551 1489 1606; x_wconf 87' lang='lat' dir='ltr'><strong>Hispaniae</strong></span> <span class='ocrx_word' id='word_1_164' title='bbox 1509 1552 1637 1592; x_wconf 92' lang='lat' dir='ltr'><strong>duces</strong></span> <span class='ocrx_word' id='word_1_165' title='bbox 1658 1565 1757 1590; x_wconf 89' lang='lat' dir='ltr'><strong>con-</strong></span> 
     </span>
     <span class='ocr_line' id='line_1_25' title="bbox 219 1619 1756 1678; baseline -0.003 -14"><span class='ocrx_word' id='word_1_166' title='bbox 219 1623 423 1678; x_wconf 86' lang='lat' dir='ltr'><strong>tigerunt.</strong></span> <span class='ocrx_word' id='word_1_167' title='bbox 478 1624 629 1666; x_wconf 88' lang='lat' dir='ltr'><strong>fuisset</strong></span> <span class='ocrx_word' id='word_1_168' title='bbox 664 1632 707 1666; x_wconf 89' lang='lat' dir='ltr'><strong>et</strong></span> <span class='ocrx_word' id='word_1_169' title='bbox 742 1640 841 1666; x_wconf 91' lang='lat' dir='ltr'><strong>cum</strong></span> <span class='ocrx_word' id='word_1_170' title='bbox 870 1623 1068 1665; x_wconf 92' lang='lat' dir='ltr'><strong>omnibus</strong></span> <span class='ocrx_word' id='word_1_171' title='bbox 1105 1623 1357 1673; x_wconf 83' lang='lat' dir='ltr'><strong>Celtiberis,</strong></span> <span class='ocrx_word' id='word_1_172' title='bbox 1394 1622 1479 1663; x_wconf 88' lang='lat' dir='ltr'><strong>nisi</strong></span> <span class='ocrx_word' id='word_1_173' title='bbox 1515 1622 1605 1662; x_wconf 87' lang='lat' dir='ltr'><strong>dux</strong></span> <span class='ocrx_word' id='word_1_174' title='bbox 1639 1619 1756 1661; x_wconf 87' lang='lat' dir='ltr'><strong>illius</strong></span> 
     </span>
     <span class='ocr_line' id='line_1_26' title="bbox 219 1683 1757 1749; baseline -0.003 -15"><span class='ocrx_word' id='word_1_175' title='bbox 219 1700 360 1735; x_wconf 88' lang='lat' dir='ltr'><strong>motus</strong></span> <span class='ocrx_word' id='word_1_176' title='bbox 381 1693 506 1735; x_wconf 85' lang='lat' dir='ltr'><strong>initio</strong></span> <span class='ocrx_word' id='word_1_177' title='bbox 525 1694 629 1735; x_wconf 92' lang='lat' dir='ltr'><strong>belli</strong></span> <span class='ocrx_word' id='word_1_178' title='bbox 648 1694 695 1735; x_wconf 92' lang='lat' dir='ltr'><strong>ui</strong></span> <span class='ocrx_word' id='word_1_179' title='bbox 724 1708 948 1749; x_wconf 89' lang='lat' dir='ltr'><strong>oppressus</strong></span> <span class='ocrx_word' id='word_1_180' title='bbox 979 1699 1115 1742; x_wconf 91' lang='lat' dir='ltr'><strong>esset,</strong></span> <span class='ocrx_word' id='word_1_181' title='bbox 1153 1683 1345 1734; x_wconf 85' lang='lat' dir='ltr'><strong>summae</strong></span> <span class='ocrx_word' id='word_1_182' title='bbox 1374 1692 1442 1734; x_wconf 90' lang='lat' dir='ltr'><strong>uir</strong></span> <span class='ocrx_word' id='word_1_183' title='bbox 1479 1690 1662 1732; x_wconf 86' lang='lat' dir='ltr'><strong>astutiae</strong></span> <span class='ocrx_word' id='word_1_184' title='bbox 1675 1722 1687 1739; x_wconf 91' lang='lat'><em>‚</em></span> <span class='ocrx_word' id='word_1_185' title='bbox 1721 1690 1757 1730; x_wconf 88' lang='lat' dir='ltr'><strong>si</strong></span> 
     </span>
     <span class='ocr_line' id='line_1_27' title="bbox 217 1760 1757 1820; baseline -0.003 -16"><span class='ocrx_word' id='word_1_186' title='bbox 217 1763 515 1818; x_wconf 83' lang='lat' dir='ltr'><strong>processisset,</strong></span> <span class='ocrx_word' id='word_1_187' title='bbox 546 1763 784 1820; x_wconf 88' lang='lat' dir='ltr'><strong>Olyndicus</strong></span> <span class='ocrx_word' id='word_1_188' title='bbox 797 1795 811 1814; x_wconf 97' lang='lat'><strong>,</strong></span> <span class='ocrx_word' id='word_1_189' title='bbox 841 1763 916 1817; x_wconf 92' lang='lat' dir='ltr'><strong>qui</strong></span> <span class='ocrx_word' id='word_1_190' title='bbox 935 1763 1104 1804; x_wconf 80' lang='lat' dir='ltr'><strong>hastam</strong></span> <span class='ocrx_word' id='word_1_191' title='bbox 1125 1770 1371 1817; x_wconf 89' lang='lat' dir='ltr'><strong>argenteam</strong></span> <span class='ocrx_word' id='word_1_192' title='bbox 1400 1761 1597 1816; x_wconf 85' lang='lat' dir='ltr'><strong>quatiens</strong></span> <span class='ocrx_word' id='word_1_193' title='bbox 1636 1760 1757 1814; x_wconf 90' lang='lat' dir='ltr'><strong>quasi</strong></span> 
     </span>
     <span class='ocr_line' id='line_1_28' title="bbox 219 1832 1756 1875; baseline -0.001 -2"><span class='ocrx_word' id='word_1_194' title='bbox 219 1833 336 1874; x_wconf 89' lang='lat' dir='ltr'><strong>caelo</strong></span> <span class='ocrx_word' id='word_1_195' title='bbox 363 1833 537 1875; x_wconf 90' lang='lat' dir='ltr'><strong>missam</strong></span> <span class='ocrx_word' id='word_1_196' title='bbox 566 1833 823 1875; x_wconf 88' lang='lat' dir='ltr'><strong>uaticinanti</strong></span> <span class='ocrx_word' id='word_1_197' title='bbox 852 1833 1004 1874; x_wconf 89' lang='lat' dir='ltr'><strong>similis</strong></span> <span class='ocrx_word' id='word_1_198' title='bbox 1034 1833 1227 1874; x_wconf 91' lang='lat' dir='ltr'><strong>omnium</strong></span> <span class='ocrx_word' id='word_1_199' title='bbox 1248 1832 1295 1872; x_wconf 92' lang='lat' dir='ltr'><strong>in</strong></span> <span class='ocrx_word' id='word_1_200' title='bbox 1326 1847 1369 1873; x_wconf 92' lang='lat' dir='ltr'><strong>se</strong></span> <span class='ocrx_word' id='word_1_201' title='bbox 1390 1838 1557 1872; x_wconf 91' lang='lat' dir='ltr'><strong>mentes</strong></span> <span class='ocrx_word' id='word_1_202' title='bbox 1579 1845 1756 1871; x_wconf 87' lang='lat' dir='ltr'><strong>conuer-</strong></span> 
     </span>
     <span class='ocr_line' id='line_1_29' title="bbox 223 1900 1756 1957; baseline -0.001 -15"><span class='ocrx_word' id='word_1_203' title='bbox 223 1908 346 1943; x_wconf 88' lang='lat' dir='ltr'><strong>terat.</strong></span> <span class='ocrx_word' id='word_1_204' title='bbox 381 1909 446 1943; x_wconf 90' lang='lat' dir='ltr'><strong>set</strong></span> <span class='ocrx_word' id='word_1_205' title='bbox 466 1917 565 1943; x_wconf 91' lang='lat' dir='ltr'><strong>cum</strong></span> <span class='ocrx_word' id='word_1_206' title='bbox 584 1903 676 1957; x_wconf 89' lang='lat' dir='ltr'><strong>pari</strong></span> <span class='ocrx_word' id='word_1_207' title='bbox 695 1903 935 1944; x_wconf 85' lang='lat' dir='ltr'><strong>temeritate</strong></span> <span class='ocrx_word' id='word_1_208' title='bbox 964 1904 1044 1944; x_wconf 91' lang='lat' dir='ltr'><strong>sub</strong></span> <span class='ocrx_word' id='word_1_209' title='bbox 1071 1909 1197 1944; x_wconf 90' lang='lat' dir='ltr'><strong>nocte</strong></span> <span class='ocrx_word' id='word_1_210' title='bbox 1217 1910 1355 1943; x_wconf 85' lang='lat' dir='ltr'><strong>castra</strong></span> <span class='ocrx_word' id='word_1_211' title='bbox 1374 1901 1562 1942; x_wconf 90' lang='lat' dir='ltr'><strong>consulis</strong></span> <span class='ocrx_word' id='word_1_212' title='bbox 1583 1900 1756 1950; x_wconf 86' lang='lat' dir='ltr'><strong>adisset,</strong></span> 
     </span>
     <span class='ocr_line' id='line_1_30' title="bbox 221 1970 1758 2028; baseline -0.001 -16"><span class='ocrx_word' id='word_1_213' title='bbox 221 1971 344 2013; x_wconf 84' lang='lat' dir='ltr'><strong>iuxta</strong></span> <span class='ocrx_word' id='word_1_214' title='bbox 361 1972 594 2014; x_wconf 86' lang='lat' dir='ltr'><strong>tentorium</strong></span> <span class='ocrx_word' id='word_1_215' title='bbox 614 1973 757 2027; x_wconf 90' lang='lat' dir='ltr'><strong>ipsum</strong></span> <span class='ocrx_word' id='word_1_216' title='bbox 775 1973 864 2028; x_wconf 88' lang='lat' dir='ltr'><strong>pilo</strong></span> <span class='ocrx_word' id='word_1_217' title='bbox 884 1972 1030 2027; x_wconf 88' lang='lat' dir='ltr'><strong>uigilis</strong></span> <span class='ocrx_word' id='word_1_218' title='bbox 1061 1978 1264 2026; x_wconf 88' lang='lat' dir='ltr'><strong>exceptus</strong></span> <span class='ocrx_word' id='word_1_219' title='bbox 1294 1978 1373 2012; x_wconf 88' lang='lat' dir='ltr'><strong>est.</strong></span> <span class='ocrx_word' id='word_1_220' title='bbox 1415 1979 1604 2014; x_wconf 87' lang='lat' dir='ltr'><strong>ceterum</strong></span> <span class='ocrx_word' id='word_1_221' title='bbox 1635 1970 1758 2012; x_wconf 82' lang='lat' dir='ltr'><strong>Lusi-</strong></span> 
     </span>
     <span class='ocr_line' id='line_1_31' title="bbox 221 2040 1759 2096; baseline -0.001 -13"><span class='ocrx_word' id='word_1_222' title='bbox 221 2049 345 2083; x_wconf 89' lang='lat' dir='ltr'><strong>tanos</strong></span> <span class='ocrx_word' id='word_1_223' title='bbox 365 2041 557 2083; x_wconf 86' lang='lat' dir='ltr'><strong>Viriatus</strong></span> <span class='ocrx_word' id='word_1_224' title='bbox 578 2042 728 2092; x_wconf 88' lang='lat' dir='ltr'><strong>erexit,</strong></span> <span class='ocrx_word' id='word_1_225' title='bbox 751 2043 820 2083; x_wconf 88' lang='lat' dir='ltr'><strong>uir</strong></span> <span class='ocrx_word' id='word_1_226' title='bbox 839 2041 1086 2084; x_wconf 85' lang='lat' dir='ltr'><strong>calliditatis</strong></span> <span class='ocrx_word' id='word_1_227' title='bbox 1111 2040 1351 2084; x_wconf 88' lang='lat' dir='ltr'><strong>acerrimae.</strong></span> <span class='ocrx_word' id='word_1_228' title='bbox 1386 2042 1460 2096; x_wconf 92' lang='lat' dir='ltr'><strong>qui</strong></span> <span class='ocrx_word' id='word_1_229' title='bbox 1480 2056 1535 2082; x_wconf 85' lang='lat' dir='ltr'><strong>ex</strong></span> <span class='ocrx_word' id='word_1_230' title='bbox 1554 2048 1759 2082; x_wconf 87' lang='lat' dir='ltr'><strong>uenatore</strong></span> 
     </span>
     <span class='ocr_line' id='line_1_32' title="bbox 220 2111 1759 2166; baseline -0.001 -14"><span class='ocrx_word' id='word_1_231' title='bbox 220 2112 330 2153; x_wconf 86' lang='lat' dir='ltr'><strong>latro</strong></span> <span class='ocrx_word' id='word_1_232' title='bbox 343 2143 356 2161; x_wconf 95' lang='lat'><strong>,</strong></span> <span class='ocrx_word' id='word_1_233' title='bbox 388 2125 442 2152; x_wconf 88' lang='lat' dir='ltr'><strong>ex</strong></span> <span class='ocrx_word' id='word_1_234' title='bbox 460 2112 626 2152; x_wconf 90' lang='lat' dir='ltr'><strong>latrone</strong></span> <span class='ocrx_word' id='word_1_235' title='bbox 646 2112 788 2154; x_wconf 88' lang='lat' dir='ltr'><strong>subito</strong></span> <span class='ocrx_word' id='word_1_236' title='bbox 807 2114 898 2155; x_wconf 82' lang='lat' dir='ltr'><strong>dux</strong></span> <span class='ocrx_word' id='word_1_237' title='bbox 918 2114 1055 2166; x_wconf 85' lang='lat' dir='ltr'><strong>adque</strong></span> <span class='ocrx_word' id='word_1_238' title='bbox 1075 2111 1305 2165; x_wconf 88' lang='lat' dir='ltr'><strong>imperator</strong></span> <span class='ocrx_word' id='word_1_239' title='bbox 1325 2118 1367 2152; x_wconf 90' lang='lat' dir='ltr'><strong>et</strong></span> <span class='ocrx_word' id='word_1_240' title='bbox 1379 2143 1392 2161; x_wconf 89' lang='lat'><strong>,</strong></span> <span class='ocrx_word' id='word_1_241' title='bbox 1423 2111 1460 2154; x_wconf 92' lang='lat' dir='ltr'><strong>si</strong></span> <span class='ocrx_word' id='word_1_242' title='bbox 1479 2111 1652 2153; x_wconf 88' lang='lat' dir='ltr'><strong>fortuna</strong></span> <span class='ocrx_word' id='word_1_243' title='bbox 1672 2125 1759 2151; x_wconf 91' lang='lat' dir='ltr'><strong>ces-</strong></span> 
     </span>
     <span class='ocr_line' id='line_1_33' title="bbox 222 2181 1761 2236; baseline -0.001 -14"><span class='ocrx_word' id='word_1_244' title='bbox 222 2181 346 2222; x_wconf 86' lang='lat' dir='ltr'><strong>sisset</strong></span> <span class='ocrx_word' id='word_1_245' title='bbox 359 2213 372 2230; x_wconf 92' lang='lat'><strong>,</strong></span> <span class='ocrx_word' id='word_1_246' title='bbox 411 2181 650 2236; x_wconf 87' lang='lat' dir='ltr'><strong>Hispaniae</strong></span> <span class='ocrx_word' id='word_1_247' title='bbox 679 2182 892 2223; x_wconf 88' lang='lat' dir='ltr'><strong>Romulus</strong></span> <span class='ocrx_word' id='word_1_248' title='bbox 905 2213 918 2232; x_wconf 95' lang='lat'><strong>,</strong></span> <span class='ocrx_word' id='word_1_249' title='bbox 954 2197 1044 2224; x_wconf 90' lang='lat' dir='ltr'><strong>non</strong></span> <span class='ocrx_word' id='word_1_250' title='bbox 1074 2187 1301 2224; x_wconf 87' lang='lat' dir='ltr'><strong>contentus</strong></span> <span class='ocrx_word' id='word_1_251' title='bbox 1323 2181 1565 2225; x_wconf 86' lang='lat' dir='ltr'><strong>libertatem</strong></span> <span class='ocrx_word' id='word_1_252' title='bbox 1586 2194 1761 2220; x_wconf 85' lang='lat' dir='ltr'><strong>suorum</strong></span> 
     </span>
     <span class='ocr_line' id='line_1_34' title="bbox 222 2249 1758 2305; baseline -0.001 -14"><span class='ocrx_word' id='word_1_253' title='bbox 222 2251 462 2300; x_wconf 80' lang='lat' dir='ltr'><strong>defendere,</strong></span> <span class='ocrx_word' id='word_1_254' title='bbox 484 2264 560 2305; x_wconf 89' lang='lat' dir='ltr'><strong>per</strong></span> <span class='ocrx_word' id='word_1_255' title='bbox 581 2251 922 2304; x_wconf 86' lang='lat' dir='ltr'><strong>quattuordecim</strong></span> <span class='ocrx_word' id='word_1_256' title='bbox 941 2265 1075 2292; x_wconf 88' lang='lat' dir='ltr'><strong>annos</strong></span> <span class='ocrx_word' id='word_1_257' title='bbox 1097 2250 1242 2292; x_wconf 90' lang='lat' dir='ltr'><strong>omnia</strong></span> <span class='ocrx_word' id='word_1_258' title='bbox 1270 2249 1376 2290; x_wconf 88' lang='lat' dir='ltr'><strong>citra</strong></span> <span class='ocrx_word' id='word_1_259' title='bbox 1403 2250 1601 2304; x_wconf 91' lang='lat' dir='ltr'><strong>ultraque</strong></span> <span class='ocrx_word' id='word_1_260' title='bbox 1622 2249 1758 2290; x_wconf 92' lang='lat' dir='ltr'><strong>Hibe-</strong></span> 
     </span>
     <span class='ocr_line' id='line_1_35' title="bbox 220 2316 1759 2377; baseline -0.001 -16"><span class='ocrx_word' id='word_1_261' title='bbox 220 2320 368 2361; x_wconf 85' lang='lat' dir='ltr'><strong>berum</strong></span> <span class='ocrx_word' id='word_1_262' title='bbox 399 2326 442 2361; x_wconf 86' lang='lat' dir='ltr'><strong>et</strong></span> <span class='ocrx_word' id='word_1_263' title='bbox 471 2320 639 2373; x_wconf 85' lang='lat' dir='ltr'><strong>Tagum</strong></span> <span class='ocrx_word' id='word_1_264' title='bbox 658 2320 751 2375; x_wconf 89' lang='lat' dir='ltr'><strong>igni</strong></span> <span class='ocrx_word' id='word_1_265' title='bbox 769 2320 962 2377; x_wconf 82' lang='lat' dir='ltr'><strong>ferroque</strong></span> <span class='ocrx_word' id='word_1_266' title='bbox 981 2316 1235 2377; x_wconf 82' lang='lat' dir='ltr'><strong>populatus,</strong></span> <span class='ocrx_word' id='word_1_267' title='bbox 1269 2326 1405 2361; x_wconf 88' lang='lat' dir='ltr'><strong>castra</strong></span> <span class='ocrx_word' id='word_1_268' title='bbox 1437 2319 1566 2361; x_wconf 83' lang='lat' dir='ltr'><strong>etiam</strong></span> <span class='ocrx_word' id='word_1_269' title='bbox 1595 2327 1759 2375; x_wconf 87' lang='lat' dir='ltr'><strong>praeto-</strong></span> 
     </span>
    </p>
   </div>
   <div class='ocr_carea' id='block_1_10' title="bbox 223 2499 1761 2881">
    <p class='ocr_par' dir='ltr' id='par_1_11' title="bbox 223 2499 1761 2881">
     <span class='ocr_line' id='line_1_36' title="bbox 228 2499 1757 2548; baseline 0.001 -14"><span class='ocrx_word' id='word_1_270' title='bbox 228 2502 241 2534; x_wconf 85' lang='lat'><em>1</em></span> <span class='ocrx_word' id='word_1_271' title='bbox 263 2499 355 2534; x_wconf 81' lang='lat' dir='ltr'><strong>etad</strong></span> <span class='ocrx_word' id='word_1_272' title='bbox 371 2499 409 2534; x_wconf 93' lang='lat' dir='ltr'><strong>id</strong></span> <span class='ocrx_word' id='word_1_273' title='bbox 425 2501 635 2545; x_wconf 84' lang='lat' dir='ltr'><strong>temporisN</strong></span> <span class='ocrx_word' id='word_1_274' title='bbox 648 2501 660 2547; x_wconf 89' lang='grc' dir='ltr'><strong>ΙΙ</strong></span> <span class='ocrx_word' id='word_1_275' title='bbox 679 2503 699 2535; x_wconf 87' lang='grc'>2</span> <span class='ocrx_word' id='word_1_276' title='bbox 716 2501 797 2536; x_wconf 90' lang='lat' dir='ltr'><strong>ideo</strong></span> <span class='ocrx_word' id='word_1_277' title='bbox 812 2509 846 2535; x_wconf 99' lang='lat' dir='ltr'><em>N</em></span> <span class='ocrx_word' id='word_1_278' title='bbox 860 2502 872 2547; x_wconf 75' lang='grc' dir='ltr'><strong>ΙΙ</strong></span> <span class='ocrx_word' id='word_1_279' title='bbox 890 2504 909 2536; x_wconf 89' lang='grc'><strong>3</strong></span> <span class='ocrx_word' id='word_1_280' title='bbox 927 2501 1181 2547; x_wconf 85' lang='lat' dir='ltr'><strong>ingruentibus</strong></span> <span class='ocrx_word' id='word_1_281' title='bbox 1196 2509 1222 2535; x_wconf 91' lang='grc' dir='ltr'><em>Β</em></span> <span class='ocrx_word' id='word_1_282' title='bbox 1240 2502 1252 2547; x_wconf 82' lang='grc' dir='ltr'><strong>ΙΙ</strong></span> <span class='ocrx_word' id='word_1_283' title='bbox 1268 2504 1289 2535; x_wconf 87' lang='grc'>4</span> <span class='ocrx_word' id='word_1_284' title='bbox 1306 2501 1451 2536; x_wconf 75' lang='lat' dir='ltr'><strong>rubor-B</strong></span> <span class='ocrx_word' id='word_1_285' title='bbox 1468 2502 1480 2548; x_wconf 70' lang='grc' dir='ltr'><strong>ΙΙ</strong></span> <span class='ocrx_word' id='word_1_286' title='bbox 1498 2500 1645 2546; x_wconf 86' lang='lat' dir='ltr'><strong>aliquod</strong></span> <span class='ocrx_word' id='word_1_287' title='bbox 1660 2508 1719 2535; x_wconf 83' lang='lat' dir='ltr'><em>BN</em></span> <span class='ocrx_word' id='word_1_288' title='bbox 1746 2500 1757 2546; x_wconf 69' lang='lat' dir='ltr'>n</span> 
     </span>
     <span class='ocr_line' id='line_1_37' title="bbox 227 2556 1760 2603; baseline -0.001 -13"><span class='ocrx_word' id='word_1_289' title='bbox 227 2567 376 2602; x_wconf 80' lang='lat' dir='ltr'><strong>graccus</strong></span> <span class='ocrx_word' id='word_1_290' title='bbox 390 2564 416 2590; x_wconf 88' lang='lat' dir='ltr'><em>B</em></span> <span class='ocrx_word' id='word_1_291' title='bbox 433 2556 444 2601; x_wconf 67' lang='lat' dir='ltr'>ss</span> <span class='ocrx_word' id='word_1_292' title='bbox 463 2558 483 2589; x_wconf 88' lang='lat'>5</span> <span class='ocrx_word' id='word_1_293' title='bbox 501 2567 709 2601; x_wconf 84' lang='lat' dir='ltr'><strong>graccorum</strong></span> <span class='ocrx_word' id='word_1_294' title='bbox 731 2565 757 2591; x_wconf 87' lang='grc' dir='ltr'><em>Β</em></span> <span class='ocrx_word' id='word_1_295' title='bbox 782 2558 793 2603; x_wconf 77' lang='grc' dir='ltr'><strong>[Ι</strong></span> <span class='ocrx_word' id='word_1_296' title='bbox 820 2560 838 2590; x_wconf 84' lang='grc'>7</span> <span class='ocrx_word' id='word_1_297' title='bbox 863 2557 996 2592; x_wconf 87' lang='lat' dir='ltr'><strong>meruit</strong></span> <span class='ocrx_word' id='word_1_298' title='bbox 1018 2569 1074 2590; x_wconf 90' lang='lat' dir='ltr'><strong>om</strong></span> <span class='ocrx_word' id='word_1_299' title='bbox 1099 2564 1132 2590; x_wconf 92' lang='lat' dir='ltr'><em>N</em></span> <span class='ocrx_word' id='word_1_300' title='bbox 1153 2556 1164 2602; x_wconf 78' lang='grc' dir='ltr'><strong>ΙΙ</strong></span> <span class='ocrx_word' id='word_1_301' title='bbox 1192 2562 1229 2592; x_wconf 91' lang='lat' dir='ltr'><strong>et</strong></span> <span class='ocrx_word' id='word_1_302' title='bbox 1251 2570 1307 2592; x_wconf 91' lang='lat' dir='ltr'><strong>om</strong></span> <span class='ocrx_word' id='word_1_303' title='bbox 1333 2566 1367 2591; x_wconf 96' lang='lat' dir='ltr'><em>N</em></span> <span class='ocrx_word' id='word_1_304' title='bbox 1381 2558 1392 2603; x_wconf 73' lang='lat' dir='ltr'>u</span> <span class='ocrx_word' id='word_1_305' title='bbox 1417 2557 1636 2592; x_wconf 83' lang='lat' dir='ltr'><strong>cantabriam</strong></span> <span class='ocrx_word' id='word_1_306' title='bbox 1651 2565 1677 2591; x_wconf 87' lang='grc' dir='ltr'><em>Β</em></span> <span class='ocrx_word' id='word_1_307' title='bbox 1702 2558 1713 2603; x_wconf 76' lang='grc' dir='ltr'><strong>ΙΙ</strong></span> <span class='ocrx_word' id='word_1_308' title='bbox 1741 2559 1760 2589; x_wconf 81' lang='grc'>8</span> 
     </span>
     <span class='ocr_line' id='line_1_38' title="bbox 223 2611 1760 2660; baseline -0.001 -14"><span class='ocrx_word' id='word_1_309' title='bbox 223 2611 452 2646; x_wconf 83' lang='lat' dir='ltr'><strong>memorabile</strong></span> <span class='ocrx_word' id='word_1_310' title='bbox 468 2620 499 2646; x_wconf 88' lang='lat' dir='ltr'><em>N</em></span> <span class='ocrx_word' id='word_1_311' title='bbox 515 2612 526 2657; x_wconf 80' lang='grc' dir='ltr'>Η</span> <span class='ocrx_word' id='word_1_312' title='bbox 544 2612 768 2647; x_wconf 82' lang='lat' dir='ltr'><strong>nectobricae</strong></span> <span class='ocrx_word' id='word_1_313' title='bbox 782 2620 820 2654; x_wconf 88' lang='grc' dir='ltr'><em>Β,</em></span> <span class='ocrx_word' id='word_1_314' title='bbox 839 2612 1057 2658; x_wconf 85' lang='lat' dir='ltr'><strong>nersobrigis</strong></span> <span class='ocrx_word' id='word_1_315' title='bbox 1072 2620 1106 2646; x_wconf 90' lang='grc' dir='ltr'><em>Ν</em></span> <span class='ocrx_word' id='word_1_316' title='bbox 1120 2613 1131 2658; x_wconf 83' lang='grc' dir='ltr'><strong>ΙΙ</strong></span> <span class='ocrx_word' id='word_1_317' title='bbox 1148 2615 1169 2646; x_wconf 83' lang='grc'><strong>9</strong></span> <span class='ocrx_word' id='word_1_318' title='bbox 1186 2613 1346 2659; x_wconf 89' lang='lat' dir='ltr'><strong>pepercit</strong></span> <span class='ocrx_word' id='word_1_319' title='bbox 1359 2622 1393 2648; x_wconf 92' lang='grc' dir='ltr'><em>Ν</em></span> <span class='ocrx_word' id='word_1_320' title='bbox 1408 2613 1418 2660; x_wconf 89' lang='grc' dir='ltr'><strong>ΙΙ</strong></span> <span class='ocrx_word' id='word_1_321' title='bbox 1437 2614 1497 2648; x_wconf 91' lang='lat' dir='ltr'><strong>ille</strong></span> <span class='ocrx_word' id='word_1_322' title='bbox 1515 2613 1627 2659; x_wconf 89' lang='lat' dir='ltr'><strong>scipio</strong></span> <span class='ocrx_word' id='word_1_323' title='bbox 1643 2621 1668 2648; x_wconf 97' lang='grc' dir='ltr'><em>Β</em></span> <span class='ocrx_word' id='word_1_324' title='bbox 1686 2613 1697 2658; x_wconf 85' lang='grc' dir='ltr'><strong>ΙΙ</strong></span> <span class='ocrx_word' id='word_1_325' title='bbox 1721 2615 1760 2646; x_wconf 87' lang='grc'><strong>10</strong></span> 
     </span>
     <span class='ocr_line' id='line_1_39' title="bbox 223 2667 1760 2715; baseline 0 -13"><span class='ocrx_word' id='word_1_326' title='bbox 223 2672 475 2712; x_wconf 84' lang='lat' dir='ltr'><strong>prouocatosN</strong></span> <span class='ocrx_word' id='word_1_327' title='bbox 492 2667 504 2713; x_wconf 85' lang='grc' dir='ltr'><strong>ΙΙ</strong></span> <span class='ocrx_word' id='word_1_328' title='bbox 526 2669 565 2702; x_wconf 86' lang='grc'><strong>12</strong></span> <span class='ocrx_word' id='word_1_329' title='bbox 583 2668 754 2713; x_wconf 77' lang='lat' dir='ltr'><strong>galleciae</strong></span> <span class='ocrx_word' id='word_1_330' title='bbox 769 2676 803 2702; x_wconf 92' lang='lat' dir='ltr'><em>N</em></span> <span class='ocrx_word' id='word_1_331' title='bbox 816 2669 828 2714; x_wconf 77' lang='lat' dir='ltr'><strong>l}</strong></span> <span class='ocrx_word' id='word_1_332' title='bbox 845 2668 1034 2714; x_wconf 82' lang='lat' dir='ltr'><strong>populusB</strong></span> <span class='ocrx_word' id='word_1_333' title='bbox 1051 2668 1062 2713; x_wconf 80' lang='grc' dir='ltr'>Η</span> <span class='ocrx_word' id='word_1_334' title='bbox 1084 2670 1122 2702; x_wconf 85' lang='grc'><strong>13</strong></span> <span class='ocrx_word' id='word_1_335' title='bbox 1140 2668 1298 2703; x_wconf 88' lang='lat' dir='ltr'><strong>fluminis</strong></span> <span class='ocrx_word' id='word_1_336' title='bbox 1313 2677 1339 2704; x_wconf 91' lang='grc' dir='ltr'><em>Β</em></span> <span class='ocrx_word' id='word_1_337' title='bbox 1357 2670 1367 2715; x_wconf 80' lang='grc' dir='ltr'><strong>ΙΙ</strong></span> <span class='ocrx_word' id='word_1_338' title='bbox 1389 2672 1429 2703; x_wconf 87' lang='lat'><strong>15</strong></span> <span class='ocrx_word' id='word_1_339' title='bbox 1447 2670 1574 2715; x_wconf 89' lang='lat' dir='ltr'><strong>igneN</strong></span> <span class='ocrx_word' id='word_1_340' title='bbox 1587 2669 1598 2714; x_wconf 81' lang='grc' dir='ltr'><strong>ΙΙ</strong></span> <span class='ocrx_word' id='word_1_341' title='bbox 1617 2669 1760 2703; x_wconf 88' lang='lat' dir='ltr'><strong>horrere</strong></span> 
     </span>
     <span class='ocr_line' id='line_1_40' title="bbox 226 2722 1761 2771; baseline 0.001 -16"><span class='ocrx_word' id='word_1_342' title='bbox 226 2730 259 2755; x_wconf 90' lang='lat' dir='ltr'><em>N</em></span> <span class='ocrx_word' id='word_1_343' title='bbox 273 2722 284 2768; x_wconf 79' lang='grc' dir='ltr'><strong>ΙΙ</strong></span> <span class='ocrx_word' id='word_1_344' title='bbox 304 2725 346 2757; x_wconf 84' lang='grc'><strong>16</strong></span> <span class='ocrx_word' id='word_1_345' title='bbox 357 2723 632 2769; x_wconf 88' lang='lat' dir='ltr'><strong>deprehenditN</strong></span> <span class='ocrx_word' id='word_1_346' title='bbox 647 2725 658 2770; x_wconf 85' lang='grc' dir='ltr'><strong>ΙΙ</strong></span> <span class='ocrx_word' id='word_1_347' title='bbox 676 2726 719 2758; x_wconf 86' lang='grc'><strong>20</strong></span> <span class='ocrx_word' id='word_1_348' title='bbox 728 2730 905 2759; x_wconf 87' lang='lat' dir='ltr'><strong>motusN:</strong></span> <span class='ocrx_word' id='word_1_349' title='bbox 923 2728 1122 2758; x_wconf 84' lang='lat' dir='ltr'><strong>mortuusB</strong></span> <span class='ocrx_word' id='word_1_350' title='bbox 1139 2724 1151 2770; x_wconf 74' lang='lat' dir='ltr'>ss</span> <span class='ocrx_word' id='word_1_351' title='bbox 1169 2725 1360 2771; x_wconf 68' lang='lat' dir='ltr'><strong>uiseripsi:</strong></span> <span class='ocrx_word' id='word_1_352' title='bbox 1379 2730 1465 2767; x_wconf 83' lang='lat' dir='ltr'><strong>utB,</strong></span> <span class='ocrx_word' id='word_1_353' title='bbox 1478 2733 1574 2759; x_wconf 83' lang='lat' dir='ltr'><strong>mnN</strong></span> <span class='ocrx_word' id='word_1_354' title='bbox 1588 2726 1598 2769; x_wconf 90' lang='grc' dir='ltr'><strong>ΙΙ</strong></span> <span class='ocrx_word' id='word_1_355' title='bbox 1618 2735 1761 2769; x_wconf 88' lang='lat' dir='ltr'><strong>oppres-</strong></span> 
     </span>
     <span class='ocr_line' id='line_1_41' title="bbox 228 2778 1761 2826; baseline 0.001 -16"><span class='ocrx_word' id='word_1_356' title='bbox 228 2788 289 2811; x_wconf 86' lang='lat' dir='ltr'><strong>sus</strong></span> <span class='ocrx_word' id='word_1_357' title='bbox 304 2778 367 2812; x_wconf 88' lang='lat' dir='ltr'><strong>sed</strong></span> <span class='ocrx_word' id='word_1_358' title='bbox 383 2790 543 2814; x_wconf 89' lang='lat' dir='ltr'><strong>summus</strong></span> <span class='ocrx_word' id='word_1_359' title='bbox 559 2787 593 2814; x_wconf 98' lang='lat' dir='ltr'><em>N</em></span> <span class='ocrx_word' id='word_1_360' title='bbox 606 2780 618 2826; x_wconf 79' lang='grc' dir='ltr'><strong>ΙΙ</strong></span> <span class='ocrx_word' id='word_1_361' title='bbox 635 2779 790 2814; x_wconf 81' lang='lat' dir='ltr'><strong>astutiae</strong></span> <span class='ocrx_word' id='word_1_362' title='bbox 805 2779 951 2824; x_wconf 72' lang='lat' dir='ltr'><strong>scripsi.-</strong></span> <span class='ocrx_word' id='word_1_363' title='bbox 969 2779 1139 2814; x_wconf 80' lang='lat' dir='ltr'><strong>audaciae</strong></span> <span class='ocrx_word' id='word_1_364' title='bbox 1154 2788 1179 2814; x_wconf 88' lang='grc' dir='ltr'><em>Β</em></span> <span class='ocrx_word' id='word_1_365' title='bbox 1191 2806 1199 2822; x_wconf 86' lang='grc'><em>,</em></span> <span class='ocrx_word' id='word_1_366' title='bbox 1220 2786 1363 2816; x_wconf 86' lang='lat' dir='ltr'><strong>astutus</strong></span> <span class='ocrx_word' id='word_1_367' title='bbox 1380 2785 1417 2815; x_wconf 92' lang='lat' dir='ltr'><strong>et</strong></span> <span class='ocrx_word' id='word_1_368' title='bbox 1433 2779 1582 2815; x_wconf 83' lang='lat' dir='ltr'><strong>audacia</strong></span> <span class='ocrx_word' id='word_1_369' title='bbox 1597 2787 1629 2812; x_wconf 89' lang='lat' dir='ltr'><em>N</em></span> <span class='ocrx_word' id='word_1_370' title='bbox 1644 2778 1654 2803; x_wconf 77' lang='grc' dir='ltr'><strong>ΙΙ</strong></span> <span class='ocrx_word' id='word_1_371' title='bbox 1676 2779 1706 2812; x_wconf 89' lang='lat' dir='ltr'><strong>si</strong></span> <span class='ocrx_word' id='word_1_372' title='bbox 1723 2790 1761 2813; x_wconf 84' lang='lat' dir='ltr'><strong>re</strong></span> 
     </span>
     <span class='ocr_line' id='line_1_42' title="bbox 228 2833 1761 2881; baseline 0 -14"><span class='ocrx_word' id='word_1_373' title='bbox 228 2833 391 2868; x_wconf 83' lang='lat' dir='ltr'><strong>cessisset</strong></span> <span class='ocrx_word' id='word_1_374' title='bbox 404 2843 438 2869; x_wconf 90' lang='lat' dir='ltr'><em>N</em></span> <span class='ocrx_word' id='word_1_375' title='bbox 460 2835 472 2880; x_wconf 79' lang='grc' dir='ltr'><strong>ΙΙ</strong></span> <span class='ocrx_word' id='word_1_376' title='bbox 497 2837 534 2869; x_wconf 88' lang='grc'><strong>21</strong></span> <span class='ocrx_word' id='word_1_377' title='bbox 558 2835 765 2869; x_wconf 88' lang='lat' dir='ltr'><strong>solondicus</strong></span> <span class='ocrx_word' id='word_1_378' title='bbox 790 2843 823 2869; x_wconf 93' lang='lat' dir='ltr'><em>N</em></span> <span class='ocrx_word' id='word_1_379' title='bbox 844 2835 856 2881; x_wconf 80' lang='grc' dir='ltr'><strong>ΙΙ</strong></span> <span class='ocrx_word' id='word_1_380' title='bbox 882 2838 996 2870; x_wconf 73' lang='lat' dir='ltr'><strong>astam</strong></span> <span class='ocrx_word' id='word_1_381' title='bbox 1012 2843 1045 2869; x_wconf 91' lang='lat' dir='ltr'><em>N</em></span> <span class='ocrx_word' id='word_1_382' title='bbox 1066 2835 1078 2881; x_wconf 77' lang='grc' dir='ltr'><strong>ΙΙ</strong></span> <span class='ocrx_word' id='word_1_383' title='bbox 1096 2835 1199 2870; x_wconf 89' lang='lat' dir='ltr'><strong>uelut</strong></span> <span class='ocrx_word' id='word_1_384' title='bbox 1215 2837 1313 2871; x_wconf 87' lang='lat' dir='ltr'><strong>caelo</strong></span> <span class='ocrx_word' id='word_1_385' title='bbox 1339 2845 1373 2871; x_wconf 93' lang='lat' dir='ltr'><em>N</em></span> <span class='ocrx_word' id='word_1_386' title='bbox 1395 2836 1406 2881; x_wconf 76' lang='grc' dir='ltr'>Η</span> <span class='ocrx_word' id='word_1_387' title='bbox 1426 2838 1466 2869; x_wconf 73' lang='grc'><strong>24</strong></span> <span class='ocrx_word' id='word_1_388' title='bbox 1496 2835 1575 2880; x_wconf 93' lang='lat' dir='ltr'><strong>ipso</strong></span> <span class='ocrx_word' id='word_1_389' title='bbox 1591 2843 1624 2867; x_wconf 90' lang='lat' dir='ltr'><em>N</em></span> <span class='ocrx_word' id='word_1_390' title='bbox 1638 2835 1649 2879; x_wconf 85' lang='grc' dir='ltr'><strong>ΙΙ</strong></span> <span class='ocrx_word' id='word_1_391' title='bbox 1668 2834 1761 2879; x_wconf 85' lang='lat' dir='ltr'><strong>uigi-</strong></span> 
     </span>
    </p>
   </div>
   <div class='ocr_carea' id='block_1_11' title="bbox 227 2887 1762 2991">
    <p class='ocr_par' dir='ltr' id='par_1_12' title="bbox 227 2887 1762 2991">
     <span class='ocr_line' id='line_1_43' title="bbox 227 2887 1762 2937; baseline 0.002 -16"><span class='ocrx_word' id='word_1_392' title='bbox 227 2887 286 2921; x_wconf 82' lang='lat' dir='ltr'><strong>liis</strong></span> <span class='ocrx_word' id='word_1_393' title='bbox 306 2895 340 2922; x_wconf 91' lang='lat' dir='ltr'><em>N</em></span> <span class='ocrx_word' id='word_1_394' title='bbox 353 2889 366 2934; x_wconf 75' lang='grc' dir='ltr'><strong>ΙΙ</strong></span> <span class='ocrx_word' id='word_1_395' title='bbox 383 2891 424 2923; x_wconf 84' lang='grc'><strong>27</strong></span> <span class='ocrx_word' id='word_1_396' title='bbox 443 2895 670 2936; x_wconf 76' lang='lat' dir='ltr'><strong>contemptus</strong></span> <span class='ocrx_word' id='word_1_397' title='bbox 687 2899 712 2924; x_wconf 88' lang='grc' dir='ltr'><em>Β</em></span> <span class='ocrx_word' id='word_1_398' title='bbox 729 2891 740 2935; x_wconf 76' lang='grc' dir='ltr'><strong>ΙΙ</strong></span> <span class='ocrx_word' id='word_1_399' title='bbox 760 2893 802 2925; x_wconf 88' lang='grc'><strong>28</strong></span> <span class='ocrx_word' id='word_1_400' title='bbox 827 2896 998 2937; x_wconf 77' lang='lat' dir='ltr'><strong>quattuor</strong></span> <span class='ocrx_word' id='word_1_401' title='bbox 1017 2900 1043 2926; x_wconf 87' lang='grc' dir='ltr'><em>Β</em></span> <span class='ocrx_word' id='word_1_402' title='bbox 1059 2891 1072 2937; x_wconf 79' lang='grc' dir='ltr'><strong>Ι]</strong></span> <span class='ocrx_word' id='word_1_403' title='bbox 1089 2892 1192 2927; x_wconf 86' lang='lat' dir='ltr'><strong>annis</strong></span> <span class='ocrx_word' id='word_1_404' title='bbox 1218 2893 1238 2926; x_wconf 83' lang='lat' dir='ltr'><strong><em>b</em></strong></span> <span class='ocrx_word' id='word_1_405' title='bbox 1256 2893 1267 2937; x_wconf 74' lang='grc' dir='ltr'><strong>ΙΙ</strong></span> <span class='ocrx_word' id='word_1_406' title='bbox 1286 2897 1437 2936; x_wconf 83' lang='lat' dir='ltr'><strong>utraque</strong></span> <span class='ocrx_word' id='word_1_407' title='bbox 1455 2890 1475 2924; x_wconf 84' lang='lat' dir='ltr'><strong>b</strong></span> <span class='ocrx_word' id='word_1_408' title='bbox 1493 2890 1504 2935; x_wconf 76' lang='grc' dir='ltr'><strong>Η</strong></span> <span class='ocrx_word' id='word_1_409' title='bbox 1524 2891 1565 2923; x_wconf 88' lang='grc'><strong>29</strong></span> <span class='ocrx_word' id='word_1_410' title='bbox 1582 2894 1619 2924; x_wconf 89' lang='lat' dir='ltr'><strong>et</strong></span> <span class='ocrx_word' id='word_1_411' title='bbox 1635 2901 1762 2933; x_wconf 87' lang='lat' dir='ltr'><strong>agrum</strong></span> 
     </span>
     <span class='ocr_line' id='line_1_44' title="bbox 227 2943 633 2991; baseline 0.01 -15"><span class='ocrx_word' id='word_1_412' title='bbox 227 2951 258 2976; x_wconf 87' lang='lat' dir='ltr'><em>N</em></span> <span class='ocrx_word' id='word_1_413' title='bbox 273 2943 285 2986; x_wconf 78' lang='grc' dir='ltr'><strong>ΙΙ</strong></span> <span class='ocrx_word' id='word_1_414' title='bbox 302 2944 559 2988; x_wconf 77' lang='lat' dir='ltr'><strong>praetoriorum</strong></span> <span class='ocrx_word' id='word_1_415' title='bbox 574 2954 607 2980; x_wconf 94' lang='lat' dir='ltr'><em>N</em></span> <span class='ocrx_word' id='word_1_416' title='bbox 621 2947 633 2991; x_wconf 70' lang='grc' dir='ltr'>ή</span> 
     </span>
    </p>
   </div>
  </div>
 </body>
</html>
