2002 3320
161 634 181 666 5

143 981 185 1013 10

143 1329 185 1361 15

141 1678 186 1710 20

142 2027 186 2060 25

640 242 837 272 nrrrom
857 241 890 278 1,
913 236 972 269 36.
997 236 1039 269 37
1064 217 1154 283 [111,
1177 235 1213 268 2.
1238 226 1294 283 3].
1693 228 1742 268 61

210 359 390 388 errorem
416 343 463 384 in
486 340 714 383 consilium
746 340 946 390 uerterit,
977 339 1184 389 dubium3
1227 346 1339 380 certe
1368 337 1620 380 necessitate
1650 346 1747 380 acta

212 416 350 457 uirtus
369 411 572 455 uictoriae
591 424 720 451 causa
739 409 837 451 fuit.
880 425 982 451 nam
1010 410 1234 465 flagitante
1263 422 1420 464 aquam
1447 408 1660 458 exercitu,
1690 404 1746 449 ‘si

213 485 295 526 uiri
313 476 446 531 estis,'
476 479 618 534 inquit
643 475 716 521 ‘en
731 511 745 530 ,
767 479 858 520 illic
882 475 1080 522 habetis.²
1110 479 1256 534 itaque
1277 485 1396 520 tanto
1416 479 1562 519 ardore
1580 491 1746 532 pugna-

213 562 304 595 tum
334 559 422 601 est,
456 565 507 592 ea
534 551 682 591 caedes
721 549 912 590 hostium
947 549 1032 591 fuit
1075 557 1125 591 ut
1153 549 1292 591 uictor
1317 550 1539 590 Romanus
1569 555 1747 589 cruento

209 623 386 665 flumine
421 635 509 662 non
548 621 646 674 plus
681 632 815 673 aquae
848 618 1002 660 biberit
1036 633 1164 673 quam
1198 618 1419 673 sanguinis
1452 618 1742 659 barbarorum.

212 700 323 735 certe
342 706 416 733 rex
435 691 527 745 ipse
547 688 890 738 Teutobocchus,
913 695 1140 743 quaternos
1161 701 1368 742 senosque
1384 701 1513 742 equos
1534 687 1746 729 transilire

212 762 386 811 solitus,
409 761 487 802 uix
506 774 667 810 unum,
690 773 790 799 cum
808 758 998 813 fugeret,
1022 756 1236 807 ascendit,
1258 757 1536 811 proximoque
1563 757 1611 798 in
1631 757 1746 799 saltu

210 832 524 886 conprehensus
544 829 712 883 insigne
732 829 1025 883 spectaculum
1044 826 1253 882 triumphi
1274 827 1372 868 fuit.
1391 826 1549 882 quippe
1568 826 1637 868 uir
1650 841 1744 882 pro-

211 901 397 943 ceritatis
418 901 599 942 eximiae
619 913 746 953 super
763 906 937 953 tropaea
956 912 1035 939 sua
1053 897 1281 939 eminebat.

329 970 519 1013 Sublatis
539 968 734 1011 funditus
755 967 961 1010 Teutonis
981 967 1029 1008 in
1055 967 1248 1009 Cimbros
1276 965 1554 1008 conuertitur.
1586 967 1632 1008 hi
1658 967 1746 1009 iam

212 1068 268 1074 —-
287 1042 382 1097 quis
397 1039 610 1082 crederet?
630 1063 687 1070 —-·
706 1053 781 1093 per
798 1038 1010 1087 hiemem,
1043 1051 1151 1091 quae
1179 1036 1308 1078 altius
1327 1037 1458 1091 Alpes
1479 1037 1596 1078 leuat
1607 1068 1621 1086 ,
1652 1036 1745 1078 Tri-

211 1111 399 1153 dentinis
433 1109 545 1164 iugis
574 1108 622 1149 in
652 1108 826 1149 Italiam
853 1106 1072 1162 prouoluti
1101 1106 1240 1148 ueluti
1267 1106 1395 1147 ruina
1422 1107 1742 1148 descenderant.

210 1181 408 1223 Athesim
428 1180 591 1221 flumen
610 1193 698 1219 non
717 1184 847 1233 ponte
866 1191 945 1219 nec
964 1177 1173 1226 nauibus,
1205 1177 1280 1217 sed
1309 1177 1493 1230 quadam
1512 1175 1746 1218 stoliditate

208 1251 426 1293 barbarica
445 1249 632 1304 primum
652 1247 895 1302 corporibus
911 1246 1115 1301 adgressi,
1137 1253 1365 1300 postquam
1378 1245 1560 1287 retinere
1577 1261 1747 1287 amnem

213 1320 412 1361 manibus
433 1327 476 1361 et
496 1318 643 1373 clipeis
664 1318 821 1359 frustra
839 1323 1181 1371 temptauerant,
1204 1316 1384 1371 ,ingesta
1413 1316 1526 1358 silua
1544 1317 1747 1357 obrutum

212 1390 462 1432 transiluere
475 1405 491 1430 2⁴
526 1389 563 1430 si
591 1387 738 1429 statim
766 1387 922 1428 infesto
952 1385 1123 1440 agmine
1143 1387 1293 1427 urbem
1311 1386 1519 1440 petissent
1532 1417 1546 1436 ‚
1583 1386 1746 1441 grande

212 1459 464 1508 discrimem
489 1459 563 1500 sed
582 1458 629 1498 in
649 1456 848 1506 Venetia,
871 1470 956 1510 quo
975 1456 1062 1496 fere
1081 1462 1223 1497 tractu
1244 1455 1374 1497 Italia
1391 1455 1644 1497 mollissima
1663 1461 1744 1504 est,

213 1530 306 1584 ipsa
325 1529 405 1571 soli
434 1527 626 1582 caelique
654 1525 880 1567 clementia
907 1527 1037 1567 robur
1067 1525 1275 1580 elanguit.
1318 1527 1373 1567 ad
1401 1525 1484 1566 hoc
1511 1524 1636 1579 panis
1664 1539 1747 1566 usu

212 1599 434 1653 carnisque
454 1605 600 1639 coctae
620 1603 663 1638 et
682 1595 909 1637 dulcedine
928 1595 1023 1636 uini
1051 1595 1270 1650 mitigatos
1291 1595 1462 1636 ‘Marius
1490 1594 1538 1635 in
1557 1602 1747 1648 tempore

214 1671 438 1724 adgressus
458 1675 537 1709 est.
570 1680 726 1708 uenere
759 1665 825 1706 illi
860 1679 989 1719 quam
1023 1673 1066 1707 et
1098 1665 1146 1706 in
1183 1664 1372 1706 barbaris
1398 1665 1538 1706 multa
1565 1664 1749 1719 uestigia

212 1739 326 1780 diem
344 1752 515 1793 pugnae
548 1751 574 1778 a
601 1743 747 1778 nostro
777 1735 1028 1790 imperatore
1057 1735 1298 1789 petierunt,
1336 1741 1379 1776 et
1413 1734 1473 1775 sic
1504 1734 1748 1789 proximum

213 1809 344 1850 dedit.
378 1809 424 1849 in
443 1805 742 1862 patentissimo
755 1838 768 1856 ,
802 1820 930 1860 quem
949 1805 1171 1846 Raudium
1190 1812 1371 1854 uocant,
1403 1819 1553 1859 campo
1573 1819 1747 1845 concur·

214 1893 316 1920 rere.
355 1878 454 1919 inde
483 1877 605 1917 milia
624 1875 848 1930 sexaginta
867 1875 1055 1930 quinque
1075 1874 1263 1916 cecidere
1275 1907 1288 1925 ,
1326 1875 1428 1916 hinc
1450 1874 1650 1916 trecentis
1670 1874 1749 1915 mi-

214 1964 321 1998 nus3
355 1962 430 2002 per
450 1960 620 1988 omnem
640 1945 754 1986 diem
773 1945 1012 1987 conciditur
1038 1945 1258 1986 barbarus.
1292 1944 1389 1987 istic
1421 1959 1589 2000 quoque
1617 1944 1749 1999 impe·

212 2026 327 2060 rator
366 2017 584 2059 addiderat
620 2015 772 2057 uirtuti
808 2015 954 2056 dolum
967 2046 980 2064 ,
1027 2021 1198 2072 secutus
1232 2014 1493 2056 Annibalem
1533 2021 1750 2069 artemque

214 2089 487 2140 Cannarum;
518 2086 706 2141 primum
724 2086 981 2126 nebulosum
1000 2091 1183 2125 nanctus
1214 2085 1352 2134 diem,
1390 2092 1440 2126 ut
1469 2085 1583 2126 hosti
1612 2084 1749 2138 inopi·
1783 2091 1786 2094 '

216 2166 344 2199 natus
365 2162 622 2205 occurreret,
654 2162 748 2196 tum
767 2162 997 2196 uentosum
1017 2169 1186 2208 quoque
1203 2186 1217 2204 ,
1240 2162 1289 2195 ut
1309 2154 1454 2209 puluis
1475 2154 1522 2196 in
1542 2155 1686 2195 oculos
1707 2161 1750 2194 et

216 2242 288 2269 ora
306 2227 500 2276 ferretur,
524 2232 618 2266 tum
638 2225 728 2266 acie
747 2238 953 2266 conuersa
966 2223 1013 2264 in
1029 2223 1250 2273 orientem,
1272 2230 1337 2273 ut,
1361 2225 1474 2277 quod
1495 2238 1548 2265 ex
1568 2222 1750 2278 captiuis

223 2431 236 2462 1
255 2439 372 2463 errore
388 2435 414 2462 B
431 2427 442 2473 11
460 2429 480 2461 2
499 2437 606 2461 causa
622 2425 793 2460 uictoriae
809 2433 842 2459 N
855 2425 866 2471 ΙΙ
893 2424 1115 2470 flagitantem
1141 2437 1269 2471 aquam
1287 2425 1484 2460 exercitum
1500 2434 1526 2460 B
1543 2427 1554 2473 Η
1573 2426 1751 2461 exercitus

218 2487 287 2522 uiri
302 2495 336 2521 N
349 2487 361 2532 l}
380 2489 399 2521 3
417 2486 536 2532 inquit
551 2485 636 2519 estis
652 2492 685 2518 N
698 2485 710 2530 11
728 2474 773 2519 eri
788 2492 814 2518 Β
831 2485 842 2530 ΙΙ
860 2486 881 2518 4
898 2488 952 2519 est
962 2495 1017 2518 om
1032 2492 1064 2518 N
1079 2484 1091 2530 ss
1109 2496 1242 2530 eaquae
1253 2484 1420 2519 caedesN
1433 2485 1444 2529 ΙΙ
1463 2484 1507 2519 de
1518 2490 1666 2519 cruento
1676 2492 1710 2519 N
1723 2485 1735 2530 ΙΙ

220 2547 240 2578 5
259 2543 448 2578 ebiberitB
465 2543 477 2588 ΙΙ
496 2544 516 2576 6
534 2546 635 2575 teuto
645 2546 795 2575 uocatus
802 2549 839 2583 Β,
858 2540 1073 2575 teutobocus
1088 2548 1122 2575 Ν
1135 2541 1147 2587 u
1166 2543 1186 2574 8
1197 2541 1467 2587 conpraensusb
1484 2541 1497 2587 {l
1517 2543 1557 2575 10
1567 2541 1666 2575 hicN
1679 2541 1690 2587 Ι]
1712 2543 1753 2574 12

219 2600 333 2634 ueluti
341 2599 475 2634 addidi:
485 2610 540 2632 om
549 2605 608 2632 BN
621 2597 633 2642 ΙΙ
649 2596 822 2631 ruinamB
839 2597 852 2643 ΙΙ
873 2599 911 2631 13
921 2597 1086 2631 Athesim
1095 2597 1292 2631 Salmasius
1302 2610 1315 2630 .-
1332 2597 1488 2631 adaesim
1495 2605 1532 2639 B,
1544 2596 1753 2631 adhostesin

219 2663 252 2690 Ν
266 2657 278 2701 ΙΙ
299 2658 339 2690 15
364 2655 534 2690 obrutum
559 2653 652 2688 silua
665 2653 724 2699 Nss
745 2655 785 2688 16
802 2658 840 2688 et
855 2653 887 2687 si
901 2653 960 2699 Nu
981 2655 1020 2687 17
1038 2652 1229 2688 discrimen
1245 2658 1340 2688 esset
1354 2661 1386 2687 Ν
1401 2654 1412 2699 ῙΙ
1430 2665 1452 2687 a
1476 2665 1548 2699 quo
1563 2662 1589 2688 Β
1606 2654 1617 2699 Η
1635 2652 1755 2687 italiae

221 2711 241 2745 b
258 2712 270 2758 ΙΙ
288 2714 331 2747 20
348 2715 403 2746 est
416 2732 455 2737 —
467 2709 623 2755 uestigia
639 2721 694 2743 om
705 2717 729 2743 Β
746 2709 758 2755 ΙΙ
775 2720 883 2755 quam
898 2713 1015 2744 metus
1031 2709 1069 2744 in
1085 2709 1244 2744 barbaris
1260 2709 1362 2744 nulla
1375 2709 1532 2755 uestigia
1541 2708 1750 2743 Salmasius.

211 2768 371 2811 sortasse
382 2778 513 2802 uenere
530 2765 625 2807 ilico,
644 2776 726 2800 nam
743 2770 861 2800 metus
876 2765 914 2799 in
930 2764 1090 2800 barbaris
1105 2765 1207 2800 nulla
1223 2765 1379 2812 uestigia
1396 2765 1407 2810 ΙΙ
1426 2767 1466 2799 21
1487 2770 1523 2798 et
1538 2764 1596 2797 hic
1612 2762 1752 2796 Per-1220-

219 2822 299 2856 m‘ue
316 2823 328 2868 ss
345 2825 386 2858 22
404 2821 704 2868 inpatientissimo
719 2830 753 2857 N
766 2822 777 2868 ΙΙ
795 2824 838 2856 23
859 2821 959 2856 milia
973 2821 1057 2856 inde
1069 2830 1121 2856 Lx
1129 2821 1337 2856 ceciderunt
1351 2829 1384 2855 N
1398 2821 1409 2865 ΙΙ
1427 2818 1596 2854 trecentis
1614 2817 1753 2851 Salma-

219 2877 312 2911 m'us:
337 2880 444 2914 tertio
459 2887 519 2914 ΒΝ
531 2880 543 2925 ΙΙ
562 2881 604 2913 24
622 2889 727 2912 omne
742 2886 768 2912 Β
785 2878 796 2923 ΙΙ
814 2877 875 2913 isti
889 2886 922 2913 N
935 2879 947 2924 ΙΙ
964 2880 1008 2912 25
1025 2877 1205 2912 addiderit
1221 2886 1247 2912 Β
1264 2878 1276 2923 ΙΙ
1295 2879 1336 2911 26
1358 2880 1486 2910 nactus
1500 2882 1526 2908 Β
1543 2873 1555 2919 ΙΙ
1573 2875 1614 2907 27
1631 2884 1754 2907 occur-

191 2930 194 2934 ’
221 2938 276 2967 ret
290 2941 322 2967 N
336 2934 348 2978 ΙΙ
365 2935 485 2980 puluis
501 2947 556 2992 οφ
572 2943 598 2969 Β
615 2935 626 2979 ΙΙ
645 2934 758 2968 oculis
772 2942 798 2968 B
815 2934 827 2979 ΙΙ
846 2936 888 2969 28
905 2936 999 2971 acies
1015 2944 1052 2978 B,
1071 2935 1164 2969 aciet
1179 2942 1212 2968 N
1226 2933 1237 2977 ΙΙ
