2002 3320
771 283 1033 313 PRAEFATIO.
1522 275 1684 314 XVIIII

129 391 309 439 utroque
328 383 473 426 codiee
493 382 708 438 antiquior
727 388 957 437 utrumque
987 382 1229 437 occupauit.
1276 382 1431 425 horum
1457 397 1681 427 recensum

128 455 324 509 exemplo
352 453 515 508 insigni
548 453 749 508 aperiam,
801 468 830 508 p
860 457 929 503 20,
959 457 1006 495 17
1038 451 1082 493 in
1104 455 1219 495 BIN
1241 452 1400 508 legitur
1439 453 1535 508 ipsa
1555 461 1685 509 eaput

126 525 294 567 urbium
330 539 491 578 capua,
532 524 745 579 quondam
784 523 897 567 inter
927 528 1009 565 tres
1039 522 1250 565 maximae
1277 537 1441 565 romam
1468 524 1707 580 oarthaqi-‘

125 609 299 649 nemque
316 589 581 636 numerata'.
605 594 667 636 ita
686 593 905 636 neminem
920 592 1038 647 loqui
1052 607 1191 647 posse,
1207 593 1282 634 sed
1301 592 1532 637 dicendum
1551 594 1684 636 fuisse

126 679 220 706 oum
239 664 380 711 Roma
396 663 735 719 Carthayineque
755 671 844 706 tam
864 670 1060 718 apertum
1068 670 1149 712 est,
1172 677 1302 717 quam
1322 663 1408 704 duo
1429 663 1534 704 haee
1556 678 1681 706 uoca-

124 734 229 776 bula
247 734 433 776 Romam
458 734 841 790 Carthaqinemque
861 734 914 775 ab
936 733 1078 787 aliquo
1099 732 1311 787 adscripta
1332 747 1424 775 esse
1445 733 1520 787 qui
1538 734 1679 775 breui-

126 811 192 846 ter
210 803 398 845 indicare
426 804 634 853 uoluerit,
659 818 867 858 quasnam
887 804 1014 845 urbes
1035 802 1186 844 Florus
1206 802 1481 844 intellexerit.
1516 805 1591 845 sed
1618 819 1682 847 er-

126 874 254 916 rauit.
302 874 454 916 Florus
485 873 601 914 enim
630 875 682 915 de
710 875 853 915 Roma
882 888 970 915 non
990 872 1198 928 cogitauit
1225 880 1267 914 et
1296 879 1379 914 tres
1407 881 1576 928 praeter
1595 876 1682 917 Ro-

125 958 242 986 mam
250 943 458 985 maximas
470 944 596 986 urbes
616 944 708 998 ipse
726 959 755 998 p
767 948 836 993 54,
853 947 876 984 9
904 943 1212 997 Carthaginem
1221 944 1414 998 Capuam
1422 944 1681 987 Corinthum

127 1013 347 1063 nominat,
371 1013 618 1056 Ciceronem
639 1014 758 1055 haud
778 1012 907 1054 dubie
928 1020 1099 1055 secutus
1111 1044 1124 1062 ‚
1147 1011 1223 1067 qui
1242 1014 1295 1054 de
1315 1013 1409 1067 lege
1429 1013 1596 1068 agraria
1614 1016 1680 1065 II,

131 1088 200 1133 32,
225 1079 308 1125 87ζ
312 1082 493 1124 maiores
513 1077 671 1124 noetri’
703 1082 792 1132 ait,
820 1076 925 1123 ‘tres
954 1082 1091 1123 solum
1117 1082 1241 1124 urbes
1271 1082 1318 1124 in
1349 1083 1474 1125 terris
1494 1085 1684 1128 omnibus

132 1152 434 1208 Oarthaqinem
459 1152 709 1195 Corinthum
743 1154 937 1206 Capuam
965 1157 1209 1195 statuerunt
1226 1167 1355 1206 posse
1385 1153 1558 1208 imperii
1580 1170 1683 1210 qra-

126 1221 301 1264 uitatem
319 1237 372 1264 ao
384 1236 533 1265 nomen
553 1218 795 1266 sustinere&

126 1306 156 1346 p
178 1295 248 1342 23,
284 1295 336 1332 26
370 1291 418 1334 in
454 1297 569 1335 BIN
594 1300 659 1336 est
695 1289 788 1334 ‘neo
816 1307 917 1334 uero
949 1297 1112 1334 tantum
1140 1306 1274 1335 armis
1305 1299 1347 1335 et
1371 1293 1418 1335 in
1446 1309 1594 1349 eampo
1623 1302 1687 1338 set

127 1360 314 1403 consiliis
334 1376 496 1417 quoque
515 1369 557 1405 et
574 1363 690 1405 domi
707 1362 824 1404 intra
845 1363 988 1404 urbem
1010 1377 1103 1404 cum
1123 1377 1219 1418 reqe
1238 1363 1412 1419 Pyrrho
1434 1363 1683 1406 dimicatum

125 1426 223 1473 est'.
247 1424 318 1473 hie
337 1433 470 1476 uerba
490 1433 606 1476 intra
618 1434 762 1476 urbem
776 1447 865 1474 non
881 1433 1022 1475 solum
1036 1447 1206 1486 prorsus
1227 1447 1544 1488 superuaeanea
1563 1442 1682 1485 sunt,

128 1503 203 1543 sed
214 1502 441 1544 uerborum
452 1504 678 1554 ambitum,
701 1503 762 1545 ita
781 1503 1032 1544 conclusum
1047 1509 1097 1544 ut
1112 1502 1255 1544 uerbis
1272 1503 1405 1546 armis
1421 1510 1463 1546 et
1476 1504 1521 1545 in
1537 1519 1684 1559 eampo

126 1587 216 1613 non
236 1572 321 1613 nisi
349 1572 454 1614 haec
484 1572 569 1613 duo
597 1572 784 1614 consiliis
811 1578 854 1614 et
879 1572 995 1614 domi
1018 1574 1273 1626 respondere
1304 1580 1464 1627 queant
1478 1605 1491 1623 ,
1529 1574 1683 1617 misere

129 1643 317 1689 turbant.
350 1643 494 1697 itaque
515 1657 603 1684 non
623 1642 804 1684 dubium
824 1649 889 1685 est
908 1643 1013 1696 quin
1033 1643 1236 1684 Dukerus
1246 1650 1359 1685 reete
1375 1643 1617 1698 suspicatus
1626 1645 1683 1686 sit

127 1712 243 1754 inim
263 1712 406 1754 urbem
425 1712 723 1767 explicationis
744 1713 882 1767 gratia
901 1713 1033 1754 uerbo
1055 1712 1173 1755 domi
1194 1712 1378 1767 ascripta
1398 1727 1504 1755 esse.
1552 1729 1555 1731 ·

126 1797 156 1837 p
177 1787 248 1832 49,
283 1787 334 1824 22
364 1786 479 1824 BIN
502 1782 565 1824 ita
597 1783 749 1837 legunt
774 1778 845 1824 ‘ne
874 1788 987 1824 metu
1017 1783 1160 1825 ablato
1190 1783 1383 1824 aemulae
1411 1783 1529 1825 urbis
1560 1785 1682 1827 luxu-

126 1852 445 1908 riat-iselicitas
465 1853 583 1894 urbis
605 1848 842 1906 inceperet&
867 1867 996 1907 quam
1012 1854 1191 1895 moleste
1210 1853 1328 1907 prius
1349 1853 1459 1895 illud
1478 1854 1596 1895 urbis
1617 1855 1683 1896 in-

127 1923 344 1965 culcatum
365 1922 445 1973 sit,
476 1924 592 1977 quod
621 1923 674 1964 ad
695 1922 996 1977 explicandum
1017 1923 1278 1965 uocabulum
1297 1924 1489 1965 aemulae
1516 1932 1683 1979 praeter

128 2007 299 2036 omnem
318 1992 618 2035 necessitatem
639 1993 834 2034 additum
853 2000 942 2043 est,
966 2000 1079 2035 recte
1099 1992 1235 2034 sensit
1256 1992 1593 2036 Freinshemius.

126 2079 156 2119 p
178 2069 246 2114 55,
274 2070 319 2107 11
345 2064 456 2118 quod
478 2063 524 2104 in
544 2066 633 2105 BN
647 2062 806 2117 legitur
822 2058 1031 2118 ‘quodque
1050 2077 1168 2104 nemo
1188 2062 1382 2104 uisurum
1411 2078 1456 2106 se
1482 2079 1683 2120 umquam

126 2140 377 2188 sperauerat
389 2134 580 2189 factum,
605 2138 654 2174 ut
667 2133 890 2188 fuqientes
918 2132 1208 2175 Numantinos
1237 2133 1461 2188 quisquam
1488 2135 1656 2179 uideret
1670 2131 1683 2148 ³

128 2203 220 2246 sine
254 2204 385 2246 dubio
419 2202 726 2258 interpolatum
761 2209 840 2244 est.
892 2203 980 2244 iam
1013 2204 1202 2259 primum
1242 2204 1423 2244 uerbum
1457 2203 1681 2258 quisquam

127 2287 296 2327 prorsus
315 2273 461 2329 inepte
490 2273 678 2329 positum
706 2280 749 2314 et
779 2274 832 2314 ab
863 2273 1006 2328 aliquo
1033 2274 1228 2316 addi-tum
1258 2279 1324 2314 est
1361 2272 1436 2327 qui
1465 2287 1520 2314 ex
1551 2274 1682 2315 uerbo

128 2357 245 2383 nemo
271 2343 319 2384 in
345 2344 483 2398 priore
522 2342 745 2385 enuntiato
773 2343 913 2397 posito
942 2358 1178 2397 pronomen
1206 2342 1527 2384 adfirmatiuum
1555 2345 1680 2386 adsu-

127 2426 242 2453 mere
261 2412 489 2454 nesciebat.
537 2414 611 2455 sed
639 2413 748 2453 illud
778 2426 946 2466 quoque
974 2426 1182 2467 perquam
1209 2413 1389 2453 moleste
1420 2412 1586 2455 dictum
1614 2422 1679 2456 est

121 2478 255 2537 ‘quod
280 2497 398 2523 nemo
427 2482 619 2524 uisurum
648 2497 691 2523 se
710 2488 962 2536 sperauerat
986 2483 1186 2538 factum,
1225 2487 1275 2524 ut
1292 2477 1495 2525 uideret'.
1533 2483 1679 2539 itaque

6 2551 22 2567 “
46 2608 48 2610 v
126 2554 251 2596 credo
271 2552 402 2594 etiam
422 2553 552 2594 uerba
571 2552 763 2594 uisurum
778 2567 823 2594 se
842 2551 1085 2606 explicandi
1103 2566 1233 2596 causa
1252 2552 1465 2607 adscripta
1484 2567 1592 2603 esse,
1617 2561 1678 2597 to-

127 2630 304 2677 tumque
324 2623 467 2664 locum
487 2622 548 2663 ita
575 2622 662 2676 legi
681 2636 806 2675 posse
832 2618 1044 2677 ‘quodque
1071 2635 1189 2664 nemo
1209 2637 1409 2678 umquam
1429 2631 1681 2678 sperauerat

114 2694 290 2749 factum
302 2725 314 2743 ,
339 2699 389 2735 ut
394 2692 617 2749 fuqientes
637 2690 926 2733 Numantinos
948 2687 1147 2734 uideret'.

125 2767 235 2817 p73‚
249 2768 297 2806 21
322 2764 502 2805 uerbum
523 2761 710 2812 sustulit,
735 2761 850 2814 quod
869 2765 957 2804 BN
971 2761 1148 2812 habent,
1171 2761 1270 2803 ferri
1289 2777 1378 2804 non
1396 2769 1552 2816 potest.
1576 2778 1679 2805 nam

127 2847 225 2877 eum
245 2835 300 2876 ad
319 2834 452 2876 uerba
466 2829 773 2888 ‘quadraqinta
792 2830 958 2875 milium
969 2827 1348 2887 propuqnantium'
1379 2847 1432 2873 ex
1463 2832 1677 2886 sequenti-

126 2903 207 2944 bus
226 2903 356 2944 uerba
376 2903 590 2947 iuuentute
610 2900 835 2944 subnixam
853 2902 1091 2945 necessario
1112 2903 1375 2944 adsumenda
1404 2901 1517 2950 sint,
1550 2901 1595 2942 id
1616 2907 1677 2942 ta-

125 2986 226 3013 men
251 2973 381 3014 uerbo
413 2972 589 3015 sustulit
620 2972 682 3013 ita
716 2977 766 3011 ut
800 2970 963 3012 factum
998 2979 1062 3012 est
1096 2970 1348 3024 interposito
1383 2970 1476 3014 fieri
1510 2971 1673 3025 nequit.

1396 3036 1462 3070 11·
