2002 3320
280 235 319 272 X
921 243 1182 273 PRAEFA'mo.

282 351 383 385 tano
413 342 698 384 Haeneliano.
752 357 897 385 omnes
927 358 982 385 ex
1011 345 1158 385 eodem
1178 343 1294 383 fonte
1327 349 1580 397 propagatos
1611 356 1701 384 esse
1735 348 1826 384 tam

282 421 445 455 certum
466 421 545 463 est,
569 427 698 467 quam
717 412 834 454 hunc
860 427 948 454 non
971 414 1160 454 multum
1179 412 1398 453 diuersum
1417 411 1549 453 fuisse
1569 413 1622 453 ab
1642 427 1692 454 00
1710 413 1826 454 unde

282 484 490 538 orig-inem
519 482 644 523 duxit
682 482 961 524 Nazarianus.
1006 497 1058 524 ex
1087 482 1325 524 Nazariano
1354 483 1447 538 ipso
1483 489 1628 524 autem
1666 490 1826 524 ceteros

281 568 369 594 non
391 568 481 594 esse
502 552 733 606 descriptos
754 552 826 592 uel
845 566 932 593 uno
953 552 1188 594 certissimo
1216 553 1460 594 testimonio
1491 553 1642 594 confici
1667 558 1822 607 potest.

283 623 324 663 in
348 623 428 663 hoc
449 623 564 664 enim
593 622 735 664 codice
763 636 870 676 quae
905 622 1110 676 leguntur
1137 622 1237 663 inde
1257 638 1282 664 a
1301 624 1433 664 uerbo
1460 623 1684 664 Gallorum
1703 637 1732 677 p
1754 626 1824 672 46,

285 698 305 732 7
329 707 463 747 usque
483 693 537 733 ad
558 698 768 733 euenerat
785 707 813 746 p
837 697 904 742 54,
934 696 981 733 16
1021 707 1098 734 8110
1126 693 1218 734 1000
1249 693 1508 735 omittuntur
1536 700 1578 734 et
1599 693 1740 734 alieno
1758 691 1825 733 111-

281 770 481 804 seruntur
499 769 596 817 post
621 763 818 816 perirent
834 778 862 817 p
895 767 963 813 89,
990 766 1040 803 29
1055 779 1067 812 3
1111 770 1154 804 et
1181 778 1326 805 rursus
1357 778 1465 818 quae
1494 764 1698 818 leguntur
1728 768 1825 817 post

282 834 462 874 uerbum
487 838 640 886 portus
669 847 698 886 p
733 836 800 883 64,
834 837 885 874 25
922 848 1057 888 usque
1092 835 1146 874 ad
1172 833 1338 875 Colchis
1375 839 1491 879 tenus
1519 848 1548 888 p
1571 837 1639 883 66,
1669 837 1734 883 16,
1765 831 1828 873 1111

283 902 443 943 omittit
462 910 505 943 et
524 917 552 956 p
575 905 644 951 68,
672 908 693 943 5
724 903 785 944 ita
804 903 954 945 inserit
974 911 1024 945 ut
1044 905 1253 958 quaedam
1273 904 1405 945 uerba
1423 903 1490 945 bis
1509 911 1656 958 ponat.
1701 916 1828 956 appa-

282 979 347 1013 ret
366 972 498 1026 igitur
518 972 564 1012 in
596 987 645 1014 eo
678 974 821 1015 codice
861 989 913 1015 ex
943 988 1026 1028 quo
1057 974 1273 1030 deriuatus
1304 982 1368 1015 est
1395 974 1659 1015 Nazarianus
1694 979 1829 1013 trans·

281 1042 419 1097 posita
439 1057 529 1083 esse
549 1042 652 1083 folia
673 1045 881 1097 quaedam
893 1076 905 1094 ,
937 1044 981 1085 id
1011 1045 1124 1098 quod
1143 1044 1382 1085 incuriosus
1402 1044 1598 1085 librarius
1619 1042 1826 1096 neglexit.

282 1113 328 1152 in
348 1112 497 1153 ceteris
518 1127 619 1153 uero
640 1113 855 1155 codicibus
877 1114 1020 1155 omnia
1039 1114 1144 1155 haec
1175 1129 1251 1155 suo
1283 1114 1429 1155 ordine
1448 1113 1680 1169 perscripta
1699 1118 1825 1161 sunt;
1893 1161 1900 1164 ί

283 1184 397 1224 1111ᾰο
414 1183 594 1224 efficitur
610 1183 793 1224 deriuari
809 1199 878 1225 eos
896 1199 948 1225 ex
969 1184 1111 1226 codice
1127 1200 1151 1225 a
1167 1184 1398 1225 Nazariani
1419 1184 1646 1238 archetypo
1662 1182 1830 1223 diuerso

282 1253 454 1306 quidem
463 1254 536 1294 sed
553 1253 768 1294 simillimo
778 1261 942 1308 praeter
951 1255 1062 1295 hanc
1079 1254 1465 1309 transpositionem.
1489 1253 1569 1294 hoc
1581 1252 1695 1294 enim
1704 1267 1830 1292 nemo

282 1323 479 1377 negabit,
516 1323 589 1378 qui
609 1324 766 1365 multas
786 1325 1012 1379 foedasque
1033 1324 1380 1379 interpolationes
1416 1324 1569 1378 quibus
1599 1323 1646 1364 hi
1666 1322 1830 1364 codices

284 1401 449 1433 scatent
477 1395 531 1434 ad
563 1408 834 1434 communem
854 1394 1016 1435 fontem
1035 1395 1189 1435 referre
1211 1394 1421 1444 didicerit,
1443 1394 1572 1448 idque
1602 1407 1652 1433 eo
1673 1391 1828 1433 certius

284 1470 482 1516 apparet,
506 1478 590 1517 quo
610 1463 745 1517 magis
766 1463 927 1517 singuli
947 1464 1060 1505 inter
1081 1479 1124 1505 se
1145 1465 1402 1519 discrepant,
1426 1478 1511 1518 qua
1529 1463 1624 1517 ipsa
1641 1477 1685 1502 re
1704 1462 1830 1502 libra-

282 1532 440 1573 riorum
460 1532 683 1573 libidinem
704 1539 906 1586 arguunt.
950 1548 1208 1587 quamquam
1237 1533 1353 1574 enim
1379 1533 1473 1575 fieri
1500 1539 1640 1587 potest
1660 1538 1710 1573 ut
1730 1545 1832 1572 casu

283 1590 467 1656 quodam
488 1602 617 1644 etiam
644 1618 719 1658 per
748 1604 825 1645 hos
858 1604 1024 1645 codices
1054 1604 1125 1645 hic
1154 1604 1243 1645 illic
1271 1619 1372 1645 uera
1399 1602 1526 1644 lectio
1555 1609 1727 1643 seruata
1756 1601 1828 1651 sit,

282 1687 495 1726 nusquam
515 1681 658 1714 tamen
680 1674 804 1715 certis
825 1674 1088 1728 argumentis
1120 1674 1263 1715 euinci
1292 1679 1458 1728 potest,
1493 1672 1529 1713 si
1558 1672 1660 1727 quid
1690 1671 1737 1712 in
1768 1671 1829 1712 eis

281 1742 489 1797 reperitur
518 1745 631 1797 quod
661 1744 753 1785 uen'
782 1744 966 1798 speciem
985 1745 1210 1799 praebeat,
1241 1744 1286 1785 id
1314 1758 1365 1784 ex
1396 1742 1571 1796 antiquo
1592 1742 1668 1782 illo
1688 1741 1832 1783 codice

283 1820 500 1853 seruatum
529 1828 667 1868 neque
695 1829 797 1855 11010
825 1814 987 1855 librarii
1015 1814 1257 1855 coniectura
1285 1819 1500 1868 repertum
1528 1826 1632 1853 esse.
1676 1812 1757 1853 hoc
1785 1811 1832 1852 in

282 1882 532 1924 uniuersum
552 1890 664 1924 recte
685 1884 952 1938 disputatum
982 1899 1072 1926 esse
1099 1899 1224 1925 nemo
1253 1883 1377 1924 facile
1403 1882 1600 1938 negabit3
1635 1896 1719 1937 quo
1746 1895 1832 1922 cer-

283 1952 368 1993 tius
390 1954 442 1993 de
463 1967 512 1993 ea
531 1968 574 1994 re
594 1954 802 1995 iudicium
822 1955 920 1995 ferri
940 1955 1075 2009 possit
1096 1954 1238 1996 omnia
1259 1954 1495 1995 adscribam
1529 1967 1637 2007 quae
1666 1966 1689 1992 0
1717 1950 1831 1992 codi-

281 2037 379 2063 cum
408 2023 691 2064 recentiorum
711 2025 784 2065 uel
806 2039 892 2066 uno
913 2025 985 2065 uel
1003 2024 1198 2079 pluribus
1221 2030 1440 2077 tamquam
1468 2029 1581 2063 recte
1601 2022 1827 2062 emendata

281 2093 433 2147 recepi.
478 2108 576 2134 cum
597 2108 699 2134 uero
722 2094 834 2134 nihil
864 2094 1017 2135 referat
1047 2094 1093 2134 in
1125 2109 1208 2148 quo
1243 2093 1513 2147 potissimum
1535 2092 1688 2132 horum
1714 2089 1827 2131 codi-

281 2177 403 2212 cum,
427 2163 609 2217 singulis
630 2179 685 2204 an
705 2164 916 2218 pluribus,
940 2164 1102 2218 aliquid
1122 2164 1310 2218 legatur,
1334 2164 1408 2203 sed
1429 2169 1568 2204 totum
1587 2175 1724 2216 genus
1744 2160 1829 2214 sig-

283 2232 478 2273 nificasse
500 2234 602 2275 satis
623 2234 679 2275 sit
692 2265 703 2283 ,
728 2246 753 2285 ς
772 2239 876 2274 nota
895 2246 999 2273 usus
1023 2246 1132 2273 sum.

512 2318 541 2358 p
565 2309 604 2353 5,
631 2307 682 2343 23
705 2317 778 2344 001,
800 2316 848 2355 ς.·
879 2316 929 2343 cr,
949 2307 1037 2343 BN

563 2378 603 2422 6,
656 2379 678 2413 2
702 2387 748 2414 cc
769 2386 817 2424 ς.·
849 2385 899 2413 01,
920 2376 1008 2414 BN

561 2447 602 2492 9,
660 2446 682 2481 2
705 2442 824 2483 missi
845 2456 894 2493 ς.·
924 2442 1042 2483 misit
1062 2445 1175 2484 BIN

538 2517 602 2561 14,
629 2516 679 2551 20
703 2527 798 2552 cora
820 2525 868 2563 ς.·
898 2527 992 2552 sora
1012 2516 1099 2552 BN

533 2587 602 2630 21,
631 2587 678 2622 10
701 2581 804 2621 furit
826 2594 876 2632 ς.·
908 2581 991 2622 fuit
1011 2585 1124 2622 BIN

534 2656 602 2699 21,
628 2655 676 2690 21
702 2650 901 2691 ciminius
923 2664 973 2701 ς.·
1005 2651 1218 2705 geminius
1240 2655 1353 2692 BIN

534 2725 604 2769 24,
633 2712 681 2760 16
703 2720 830 2760 uideo
851 2734 920 2760 me
941 2733 991 2771 ς.·
1023 2721 1137 2770 idem
1158 2736 1282 2762 omne
1303 2724 1389 2761 BN

535 2794 602 2839 33,
632 2794 679 2830 14
704 2804 832 2843 quam
853 2789 974 2843 quasi
995 2803 1046 2840 ς.·
1078 2790 1244 2843 quamsi
1265 2793 1351 2830 BN

531 2866 600 2909 51,
630 2863 678 2899 13
699 2858 991 2900 macedoniam
1013 2872 1064 2909 ς.·
1096 2859 1368 2900 macedoniae
1390 2862 1478 2899 BN

536 2935 604 2979 51,
630 2933 678 2970 21
703 2929 808 2970 tuba
828 2941 878 2981 ς.·
912 2929 1036 2970 turba
1060 2933 1147 2969 BN
