<?xml version="1.0" encoding="UTF-8"?>
<!DOCTYPE html PUBLIC "-//W3C//DTD XHTML 1.0 Transitional//EN"
    "http://www.w3.org/TR/xhtml1/DTD/xhtml1-transitional.dtd">
<html xmlns="http://www.w3.org/1999/xhtml" xml:lang="en" lang="en">
 <head>
  <title>
</title>
<meta http-equiv="Content-Type" content="text/html;charset=utf-8" />
  <meta name='ocr-system' content='tesseract 3.04.00' />
  <meta name='ocr-capabilities' content='ocr_page ocr_carea ocr_par ocr_line ocrx_word'/>
</head>
<body>
  <div class='ocr_page' id='page_1' title='image "./epitomaedetitol00floruoft_0019.png"; bbox 0 0 2002 3320; ppageno 0'>
   <div class='ocr_carea' id='block_1_1' title="bbox 802 232 1718 270">
    <p class='ocr_par' dir='ltr' id='par_1_1' title="bbox 802 232 1718 270">
     <span class='ocr_line' id='line_1_1' title="bbox 802 232 1718 270; baseline 0.001 -1"><span class='ocrx_word' id='word_1_1' title='bbox 802 239 1046 270; x_wconf 69' lang='lat' dir='ltr'>rmum.</span> <span class='ocrx_word' id='word_1_2' title='bbox 1641 232 1718 270; x_wconf 87' lang='lat' dir='ltr'>XV</span> 
     </span>
    </p>
   </div>
   <div class='ocr_carea' id='block_1_2' title="bbox 156 338 1725 2087">
    <p class='ocr_par' dir='ltr' id='par_1_2' title="bbox 162 338 1724 1510">
     <span class='ocr_line' id='line_1_2' title="bbox 341 338 1442 398; baseline -0.003 -14"><span class='ocrx_word' id='word_1_3' title='bbox 341 358 370 398; x_wconf 92' lang='lat' dir='ltr'>p</span> <span class='ocrx_word' id='word_1_4' title='bbox 394 346 488 392; x_wconf 87' lang='lat'><strong>101,</strong></span> <span class='ocrx_word' id='word_1_5' title='bbox 514 342 566 382; x_wconf 83' lang='lat'>26</span> <span class='ocrx_word' id='word_1_6' title='bbox 587 338 795 382; x_wconf 87' lang='lat' dir='ltr'>lituorum</span> <span class='ocrx_word' id='word_1_7' title='bbox 815 340 863 381; x_wconf 90' lang='lat' dir='ltr'>in</span> <span class='ocrx_word' id='word_1_8' title='bbox 882 354 982 382; x_wconf 88' lang='lat' dir='ltr'>suos</span> <span class='ocrx_word' id='word_1_9' title='bbox 1002 354 1096 383; x_wconf 88' lang='lat' dir='ltr'>sese</span> <span class='ocrx_word' id='word_1_10' title='bbox 1115 339 1404 395; x_wconf 78' lang='lat' dir='ltr'><strong>circumegere</strong></span> <span class='ocrx_word' id='word_1_11' title='bbox 1433 381 1442 387; x_wconf 78' lang='lat'><strong>,</strong></span> 
     </span>
     <span class='ocr_line' id='line_1_3' title="bbox 388 409 1447 466; baseline -0.002 -12"><span class='ocrx_word' id='word_1_12' title='bbox 388 415 482 462; x_wconf 91' lang='grc'>108,</span> <span class='ocrx_word' id='word_1_13' title='bbox 536 415 559 452; x_wconf 94' lang='lat'>8</span> <span class='ocrx_word' id='word_1_14' title='bbox 582 412 732 453; x_wconf 86' lang='lat' dir='ltr'>caedes</span> <span class='ocrx_word' id='word_1_15' title='bbox 754 411 1052 466; x_wconf 87' lang='lat' dir='ltr'>inprobaretur</span> <span class='ocrx_word' id='word_1_16' title='bbox 1074 410 1208 465; x_wconf 83' lang='lat' dir='ltr'>igitur</span> <span class='ocrx_word' id='word_1_17' title='bbox 1228 409 1447 452; x_wconf 80' lang='lat' dir='ltr'>Ciceronis</span> 
     </span>
     <span class='ocr_line' id='line_1_4' title="bbox 389 480 1522 536; baseline 0 -14"><span class='ocrx_word' id='word_1_18' title='bbox 389 487 485 532; x_wconf 88' lang='grc'>120,</span> <span class='ocrx_word' id='word_1_19' title='bbox 514 485 561 523; x_wconf 86' lang='grc'>19</span> <span class='ocrx_word' id='word_1_20' title='bbox 585 488 760 536; x_wconf 87' lang='lat' dir='ltr'>repente</span> <span class='ocrx_word' id='word_1_21' title='bbox 780 481 888 523; x_wconf 88' lang='lat' dir='ltr'>ferro</span> <span class='ocrx_word' id='word_1_22' title='bbox 911 481 1044 524; x_wconf 89' lang='lat' dir='ltr'>subiit</span> <span class='ocrx_word' id='word_1_23' title='bbox 1065 488 1107 523; x_wconf 87' lang='lat' dir='ltr'>et</span> <span class='ocrx_word' id='word_1_24' title='bbox 1128 488 1231 523; x_wconf 87' lang='lat' dir='ltr'>tunc</span> <span class='ocrx_word' id='word_1_25' title='bbox 1252 480 1427 536; x_wconf 89' lang='lat' dir='ltr'>quidem</span> <span class='ocrx_word' id='word_1_26' title='bbox 1448 494 1522 522; x_wconf 87' lang='lat' dir='ltr'>cae</span> 
     </span>
     <span class='ocr_line' id='line_1_5' title="bbox 389 550 1499 607; baseline -0.002 -13"><span class='ocrx_word' id='word_1_27' title='bbox 389 556 484 603; x_wconf 87' lang='grc'>121,</span> <span class='ocrx_word' id='word_1_28' title='bbox 510 555 563 593; x_wconf 86' lang='grc'>22</span> <span class='ocrx_word' id='word_1_29' title='bbox 584 559 720 594; x_wconf 84' lang='lat' dir='ltr'>morte</span> <span class='ocrx_word' id='word_1_30' title='bbox 739 552 911 607; x_wconf 84' lang='lat' dir='ltr'>grauior</span> <span class='ocrx_word' id='word_1_31' title='bbox 933 553 988 594; x_wconf 87' lang='lat' dir='ltr'>ad</span> <span class='ocrx_word' id='word_1_32' title='bbox 1007 551 1053 594; x_wconf 90' lang='lat' dir='ltr'>id</span> <span class='ocrx_word' id='word_1_33' title='bbox 1073 558 1243 606; x_wconf 90' lang='lat' dir='ltr'>tempus</span> <span class='ocrx_word' id='word_1_34' title='bbox 1262 550 1499 592; x_wconf 87' lang='lat' dir='ltr'>indomitis.</span> 
     </span>
     <span class='ocr_line' id='line_1_6' title="bbox 165 621 1511 677; baseline -0.002 -12"><span class='ocrx_word' id='word_1_35' title='bbox 165 624 348 666; x_wconf 88' lang='lat' dir='ltr'>duorum</span> <span class='ocrx_word' id='word_1_36' title='bbox 366 623 454 665; x_wconf 87' lang='lat' dir='ltr'>fere</span> <span class='ocrx_word' id='word_1_37' title='bbox 473 637 678 664; x_wconf 87' lang='lat' dir='ltr'>uersuum</span> <span class='ocrx_word' id='word_1_38' title='bbox 698 622 886 677; x_wconf 86' lang='lat' dir='ltr'>spatium</span> <span class='ocrx_word' id='word_1_39' title='bbox 906 623 1082 677; x_wconf 85' lang='lat' dir='ltr'>explent</span> <span class='ocrx_word' id='word_1_40' title='bbox 1102 636 1211 677; x_wconf 86' lang='lat' dir='ltr'>quae</span> <span class='ocrx_word' id='word_1_41' title='bbox 1231 621 1389 663; x_wconf 87' lang='lat' dir='ltr'>omissa</span> <span class='ocrx_word' id='word_1_42' title='bbox 1409 628 1511 662; x_wconf 86' lang='lat' dir='ltr'>sunt</span> 
     </span>
     <span class='ocr_line' id='line_1_7' title="bbox 341 692 1451 749; baseline -0.003 -14"><span class='ocrx_word' id='word_1_43' title='bbox 341 709 370 749; x_wconf 96' lang='lat' dir='ltr'>p</span> <span class='ocrx_word' id='word_1_44' title='bbox 392 698 461 745; x_wconf 87' lang='grc'>28,</span> <span class='ocrx_word' id='word_1_45' title='bbox 486 698 540 735; x_wconf 85' lang='grc'>23</span> <span class='ocrx_word' id='word_1_46' title='bbox 562 693 678 735; x_wconf 91' lang='lat' dir='ltr'>domi</span> <span class='ocrx_word' id='word_1_47' title='bbox 698 694 887 735; x_wconf 87' lang='lat' dir='ltr'>luctatus</span> <span class='ocrx_word' id='word_1_48' title='bbox 908 700 972 735; x_wconf 87' lang='lat' dir='ltr'>est</span> <span class='ocrx_word' id='word_1_49' title='bbox 993 694 1098 735; x_wconf 84' lang='lat' dir='ltr'>adeo</span> <span class='ocrx_word' id='word_1_50' title='bbox 1117 693 1291 735; x_wconf 87' lang='lat' dir='ltr'>difficile</span> <span class='ocrx_word' id='word_1_51' title='bbox 1310 692 1451 733; x_wconf 86' lang='lat' dir='ltr'>fuerat</span> 
     </span>
     <span class='ocr_line' id='line_1_8' title="bbox 566 762 1456 818; baseline -0.002 -13"><span class='ocrx_word' id='word_1_52' title='bbox 566 765 666 805; x_wconf 86' lang='lat' dir='ltr'>dare</span> <span class='ocrx_word' id='word_1_53' title='bbox 687 763 841 805; x_wconf 85' lang='lat' dir='ltr'>Italiae</span> <span class='ocrx_word' id='word_1_54' title='bbox 860 770 990 818; x_wconf 85' lang='lat' dir='ltr'>caput</span> <span class='ocrx_word' id='word_1_55' title='bbox 1009 763 1077 805; x_wconf 84' lang='lat' dir='ltr'>his</span> <span class='ocrx_word' id='word_1_56' title='bbox 1098 763 1295 805; x_wconf 85' lang='lat' dir='ltr'>ducentis</span> <span class='ocrx_word' id='word_1_57' title='bbox 1316 762 1456 804; x_wconf 86' lang='lat' dir='ltr'>annis.</span> 
     </span>
     <span class='ocr_line' id='line_1_9' title="bbox 162 831 1722 889; baseline -0.002 -14"><span class='ocrx_word' id='word_1_58' title='bbox 162 833 224 876; x_wconf 89' lang='lat' dir='ltr'>ibi</span> <span class='ocrx_word' id='word_1_59' title='bbox 238 848 341 876; x_wconf 88' lang='lat' dir='ltr'>uero</span> <span class='ocrx_word' id='word_1_60' title='bbox 357 837 471 889; x_wconf 89' lang='lat' dir='ltr'>quod</span> <span class='ocrx_word' id='word_1_61' title='bbox 486 835 667 876; x_wconf 89' lang='lat' dir='ltr'>uerbum</span> <span class='ocrx_word' id='word_1_62' title='bbox 687 834 804 876; x_wconf 78' lang='lat' dir='ltr'>domi</span> <span class='ocrx_word' id='word_1_63' title='bbox 820 833 1036 888; x_wconf 81' lang='lat' dir='ltr'>praecedit</span> <span class='ocrx_word' id='word_1_64' title='bbox 1050 834 1177 876; x_wconf 73' lang='lat' dir='ltr'>annis</span> <span class='ocrx_word' id='word_1_65' title='bbox 1196 849 1326 876; x_wconf 88' lang='lat' dir='ltr'>causa</span> <span class='ocrx_word' id='word_1_66' title='bbox 1345 833 1442 882; x_wconf 83' lang='lat' dir='ltr'>fuit,</span> <span class='ocrx_word' id='word_1_67' title='bbox 1467 846 1541 873; x_wconf 88' lang='lat' dir='ltr'>cur</span> <span class='ocrx_word' id='word_1_68' title='bbox 1561 831 1722 873; x_wconf 87' lang='lat' dir='ltr'>librarii</span> 
     </span>
     <span class='ocr_line' id='line_1_10' title="bbox 166 903 1721 959; baseline -0.002 -13"><span class='ocrx_word' id='word_1_69' title='bbox 166 904 314 946; x_wconf 88' lang='lat' dir='ltr'>oculus</span> <span class='ocrx_word' id='word_1_70' title='bbox 336 906 564 955; x_wconf 84' lang='lat' dir='ltr'>aberraret,</span> <span class='ocrx_word' id='word_1_71' title='bbox 586 904 786 959; x_wconf 86' lang='lat' dir='ltr'>idemque</span> <span class='ocrx_word' id='word_1_72' title='bbox 805 905 947 946; x_wconf 91' lang='lat' dir='ltr'>locum</span> <span class='ocrx_word' id='word_1_73' title='bbox 967 904 1099 949; x_wconf 85' lang='lat' dir='ltr'>habet</span> <span class='ocrx_word' id='word_1_74' title='bbox 1121 918 1150 959; x_wconf 93' lang='lat' dir='ltr'>p</span> <span class='ocrx_word' id='word_1_75' title='bbox 1171 910 1266 955; x_wconf 90' lang='grc'>107,</span> <span class='ocrx_word' id='word_1_76' title='bbox 1288 908 1311 944; x_wconf 90' lang='grc'><strong>6</strong></span> <span class='ocrx_word' id='word_1_77' title='bbox 1333 903 1409 946; x_wconf 89' lang='lat' dir='ltr'>ubi</span> <span class='ocrx_word' id='word_1_78' title='bbox 1430 903 1513 945; x_wconf 84' lang='lat' dir='ltr'>duo</span> <span class='ocrx_word' id='word_1_79' title='bbox 1533 903 1721 944; x_wconf 70' lang='lat' dir='ltr'>eonsules</span> 
     </span>
     <span class='ocr_line' id='line_1_11' title="bbox 164 972 1722 1030; baseline -0.003 -13"><span class='ocrx_word' id='word_1_80' title='bbox 164 982 336 1030; x_wconf 84' lang='lat' dir='ltr'>propter</span> <span class='ocrx_word' id='word_1_81' title='bbox 355 987 536 1030; x_wconf 86' lang='lat' dir='ltr'>sequens</span> <span class='ocrx_word' id='word_1_82' title='bbox 557 976 662 1017; x_wconf 71' lang='lat' dir='ltr'>duos</span> <span class='ocrx_word' id='word_1_83' title='bbox 682 981 726 1016; x_wconf 82' lang='lat' dir='ltr'>et</span> <span class='ocrx_word' id='word_1_84' title='bbox 744 989 773 1029; x_wconf 89' lang='lat' dir='ltr'>p</span> <span class='ocrx_word' id='word_1_85' title='bbox 798 978 892 1024; x_wconf 88' lang='grc'>108,</span> <span class='ocrx_word' id='word_1_86' title='bbox 918 978 943 1015; x_wconf 90' lang='grc'>8</span> <span class='ocrx_word' id='word_1_87' title='bbox 974 975 1050 1016; x_wconf 91' lang='lat' dir='ltr'>ubi</span> <span class='ocrx_word' id='word_1_88' title='bbox 1069 976 1202 1016; x_wconf 88' lang='lat' dir='ltr'>uerba</span> <span class='ocrx_word' id='word_1_89' title='bbox 1230 981 1272 1017; x_wconf 79' lang='lat' dir='ltr'>et</span> <span class='ocrx_word' id='word_1_90' title='bbox 1296 973 1430 1030; x_wconf 73' lang='lat' dir='ltr'>siquis</span> <span class='ocrx_word' id='word_1_91' title='bbox 1451 972 1608 1014; x_wconf 72' lang='lat' dir='ltr'>insedit</span> <span class='ocrx_word' id='word_1_92' title='bbox 1625 988 1722 1014; x_wconf 77' lang='lat' dir='ltr'>esca-</span> 
     </span>
     <span class='ocr_line' id='line_1_12' title="bbox 164 1043 1724 1100; baseline -0.002 -13"><span class='ocrx_word' id='word_1_93' title='bbox 164 1060 260 1087; x_wconf 81' lang='lat' dir='ltr'>men</span> <span class='ocrx_word' id='word_1_94' title='bbox 277 1052 450 1100; x_wconf 85' lang='lat' dir='ltr'>propter</span> <span class='ocrx_word' id='word_1_95' title='bbox 469 1059 651 1099; x_wconf 87' lang='lat' dir='ltr'>sequens</span> <span class='ocrx_word' id='word_1_96' title='bbox 672 1050 715 1086; x_wconf 80' lang='lat' dir='ltr'>et</span> <span class='ocrx_word' id='word_1_97' title='bbox 732 1044 890 1086; x_wconf 84' lang='lat' dir='ltr'>omissa</span> <span class='ocrx_word' id='word_1_98' title='bbox 910 1052 1027 1086; x_wconf 85' lang='lat' dir='ltr'>sunt.</span> <span class='ocrx_word' id='word_1_99' title='bbox 1060 1052 1276 1100; x_wconf 85' lang='lat' dir='ltr'>praeterea</span> <span class='ocrx_word' id='word_1_100' title='bbox 1296 1044 1445 1099; x_wconf 84' lang='lat' dir='ltr'>paucis</span> <span class='ocrx_word' id='word_1_101' title='bbox 1466 1043 1570 1085; x_wconf 91' lang='lat' dir='ltr'>locis</span> <span class='ocrx_word' id='word_1_102' title='bbox 1592 1044 1724 1086; x_wconf 86' lang='lat' dir='ltr'>uerba</span> 
     </span>
     <span class='ocr_line' id='line_1_13' title="bbox 164 1114 1721 1170; baseline -0.001 -14"><span class='ocrx_word' id='word_1_103' title='bbox 164 1116 373 1169; x_wconf 79' lang='lat' dir='ltr'>quaedam</span> <span class='ocrx_word' id='word_1_104' title='bbox 400 1114 676 1170; x_wconf 79' lang='lat' dir='ltr'>neglegentia</span> <span class='ocrx_word' id='word_1_105' title='bbox 700 1115 863 1156; x_wconf 85' lang='lat' dir='ltr'>librarii</span> <span class='ocrx_word' id='word_1_106' title='bbox 894 1115 1051 1156; x_wconf 85' lang='lat' dir='ltr'>omissa</span> <span class='ocrx_word' id='word_1_107' title='bbox 1080 1122 1205 1166; x_wconf 87' lang='lat' dir='ltr'>sunt,</span> <span class='ocrx_word' id='word_1_108' title='bbox 1249 1114 1371 1156; x_wconf 89' lang='lat' dir='ltr'>cuius</span> <span class='ocrx_word' id='word_1_109' title='bbox 1402 1114 1721 1156; x_wconf 87' lang='lat' dir='ltr'>excusationem</span> 
     </span>
     <span class='ocr_line' id='line_1_14' title="bbox 163 1184 1722 1241; baseline 0 -14"><span class='ocrx_word' id='word_1_110' title='bbox 163 1186 330 1227; x_wconf 89' lang='lat' dir='ltr'>nuHam</span> <span class='ocrx_word' id='word_1_111' title='bbox 356 1185 503 1227; x_wconf 89' lang='lat' dir='ltr'>uidere</span> <span class='ocrx_word' id='word_1_112' title='bbox 529 1184 653 1235; x_wconf 90' lang='lat' dir='ltr'>licet,</span> <span class='ocrx_word' id='word_1_113' title='bbox 692 1200 722 1240; x_wconf 90' lang='lat' dir='ltr'>p</span> <span class='ocrx_word' id='word_1_114' title='bbox 748 1190 842 1237; x_wconf 90' lang='grc'>102,</span> <span class='ocrx_word' id='word_1_115' title='bbox 873 1191 921 1227; x_wconf 91' lang='grc'>15</span> <span class='ocrx_word' id='word_1_116' title='bbox 952 1187 1068 1241; x_wconf 82' lang='lat' dir='ltr'>quod</span> <span class='ocrx_word' id='word_1_117' title='bbox 1094 1185 1185 1240; x_wconf 75' lang='lat' dir='ltr'>ipse</span> <span class='ocrx_word' id='word_1_118' title='bbox 1213 1185 1276 1227; x_wconf 68' lang='lat' dir='ltr'>bis</span> <span class='ocrx_word' id='word_1_119' title='bbox 1297 1186 1500 1241; x_wconf 80' lang='lat' dir='ltr'>fecerat,·</span> <span class='ocrx_word' id='word_1_120' title='bbox 1548 1190 1644 1236; x_wconf 89' lang='grc'>103,</span> <span class='ocrx_word' id='word_1_121' title='bbox 1673 1192 1722 1227; x_wconf 91' lang='grc'>10</span> 
     </span>
     <span class='ocr_line' id='line_1_15' title="bbox 164 1255 1719 1318; baseline -0.001 -20"><span class='ocrx_word' id='word_1_122' title='bbox 164 1271 245 1312; x_wconf 82' lang='lat' dir='ltr'>quo</span> <span class='ocrx_word' id='word_1_123' title='bbox 257 1271 390 1318; x_wconf 57' lang='lat' dir='ltr'>mque</span> <span class='ocrx_word' id='word_1_124' title='bbox 404 1256 587 1305; x_wconf 56' lang='lat' dir='ltr'>bellunm</span> <span class='ocrx_word' id='word_1_125' title='bbox 615 1259 710 1306; x_wconf 82' lang='grc'>109,</span> <span class='ocrx_word' id='word_1_126' title='bbox 727 1262 774 1298; x_wconf 93' lang='grc'>17</span> <span class='ocrx_word' id='word_1_127' title='bbox 799 1256 1154 1313; x_wconf 64' lang='grc' dir='ltr'>αο]ονιί3.ςίηιοε,·</span> <span class='ocrx_word' id='word_1_128' title='bbox 1183 1260 1277 1306; x_wconf 89' lang='lat'><strong>113,</strong></span> <span class='ocrx_word' id='word_1_129' title='bbox 1298 1261 1345 1297; x_wconf 88' lang='lat'>17</span> <span class='ocrx_word' id='word_1_130' title='bbox 1370 1255 1504 1310; x_wconf 77' lang='lat' dir='ltr'>coepit</span> <span class='ocrx_word' id='word_1_131' title='bbox 1520 1271 1604 1297; x_wconf 76' lang='lat' dir='ltr'>non</span> <span class='ocrx_word' id='word_1_132' title='bbox 1623 1255 1719 1297; x_wconf 74' lang='lat' dir='ltr'>sibi.</span> 
     </span>
     <span class='ocr_line' id='line_1_16' title="bbox 165 1326 1722 1383; baseline -0.001 -15"><span class='ocrx_word' id='word_1_133' title='bbox 165 1334 210 1368; x_wconf 86' lang='lat' dir='ltr'>et</span> <span class='ocrx_word' id='word_1_134' title='bbox 228 1342 332 1369; x_wconf 87' lang='lat' dir='ltr'>sane</span> <span class='ocrx_word' id='word_1_135' title='bbox 351 1326 510 1368; x_wconf 88' lang='lat' dir='ltr'>mirum</span> <span class='ocrx_word' id='word_1_136' title='bbox 529 1326 638 1369; x_wconf 88' lang='lat' dir='ltr'>foret</span> <span class='ocrx_word' id='word_1_137' title='bbox 650 1358 664 1377; x_wconf 92' lang='lat'>‚</span> <span class='ocrx_word' id='word_1_138' title='bbox 688 1326 725 1368; x_wconf 89' lang='lat' dir='ltr'>si</span> <span class='ocrx_word' id='word_1_139' title='bbox 745 1327 818 1369; x_wconf 90' lang='lat' dir='ltr'>uel</span> <span class='ocrx_word' id='word_1_140' title='bbox 836 1327 931 1382; x_wconf 86' lang='lat' dir='ltr'>ipsa</span> <span class='ocrx_word' id='word_1_141' title='bbox 949 1326 1225 1383; x_wconf 82' lang='lat' dir='ltr'>neglegentia</span> <span class='ocrx_word' id='word_1_142' title='bbox 1245 1341 1367 1368; x_wconf 89' lang='lat' dir='ltr'>suam</span> <span class='ocrx_word' id='word_1_143' title='bbox 1389 1327 1606 1380; x_wconf 85' lang='lat' dir='ltr'>quandam</span> <span class='ocrx_word' id='word_1_144' title='bbox 1627 1341 1722 1367; x_wconf 92' lang='lat' dir='ltr'>nor-</span> 
     </span>
     <span class='ocr_line' id='line_1_17' title="bbox 164 1396 1723 1452; baseline -0.001 -14"><span class='ocrx_word' id='word_1_145' title='bbox 164 1411 280 1439; x_wconf 86' lang='lat' dir='ltr'>mam</span> <span class='ocrx_word' id='word_1_146' title='bbox 308 1404 577 1452; x_wconf 85' lang='lat' dir='ltr'>sequeretur,</span> <span class='ocrx_word' id='word_1_147' title='bbox 616 1412 643 1439; x_wconf 91' lang='lat' dir='ltr'>a</span> <span class='ocrx_word' id='word_1_148' title='bbox 671 1412 758 1452; x_wconf 87' lang='lat' dir='ltr'>qua</span> <span class='ocrx_word' id='word_1_149' title='bbox 784 1412 1023 1452; x_wconf 83' lang='lat' dir='ltr'>numquam</span> <span class='ocrx_word' id='word_1_150' title='bbox 1051 1399 1276 1440; x_wconf 86' lang='lat' dir='ltr'>aberraret.</span> <span class='ocrx_word' id='word_1_151' title='bbox 1311 1398 1364 1438; x_wconf 89' lang='lat' dir='ltr'>de</span> <span class='ocrx_word' id='word_1_152' title='bbox 1393 1396 1576 1451; x_wconf 83' lang='lat' dir='ltr'>singulis</span> <span class='ocrx_word' id='word_1_153' title='bbox 1597 1411 1723 1437; x_wconf 91' lang='lat' dir='ltr'>uoca-</span> 
     </span>
     <span class='ocr_line' id='line_1_18' title="bbox 164 1468 1185 1510; baseline 0.001 -1"><span class='ocrx_word' id='word_1_154' title='bbox 164 1468 278 1510; x_wconf 88' lang='lat' dir='ltr'>bulis</span> <span class='ocrx_word' id='word_1_155' title='bbox 297 1468 368 1509; x_wconf 87' lang='lat' dir='ltr'>hic</span> <span class='ocrx_word' id='word_1_156' title='bbox 386 1468 478 1509; x_wconf 91' lang='lat' dir='ltr'>illic</span> <span class='ocrx_word' id='word_1_157' title='bbox 498 1468 667 1510; x_wconf 87' lang='lat' dir='ltr'>omissis</span> <span class='ocrx_word' id='word_1_158' title='bbox 686 1482 776 1509; x_wconf 93' lang='lat' dir='ltr'>non</span> <span class='ocrx_word' id='word_1_159' title='bbox 795 1475 861 1509; x_wconf 90' lang='lat' dir='ltr'>est</span> <span class='ocrx_word' id='word_1_160' title='bbox 879 1482 957 1509; x_wconf 84' lang='lat' dir='ltr'>cur</span> <span class='ocrx_word' id='word_1_161' title='bbox 977 1469 1185 1510; x_wconf 89' lang='lat' dir='ltr'>dicamus.</span> 
     </span>
    </p>

    <p class='ocr_par' dir='ltr' id='par_1_3' title="bbox 156 1537 1725 2087">
     <span class='ocr_line' id='line_1_19' title="bbox 294 1537 1723 1594; baseline -0.001 -15"><span class='ocrx_word' id='word_1_162' title='bbox 294 1538 455 1580; x_wconf 84' lang='lat' dir='ltr'>Omnia</span> <span class='ocrx_word' id='word_1_163' title='bbox 487 1552 539 1579; x_wconf 86' lang='lat' dir='ltr'>ea</span> <span class='ocrx_word' id='word_1_164' title='bbox 577 1552 684 1592; x_wconf 86' lang='lat' dir='ltr'>quae</span> <span class='ocrx_word' id='word_1_165' title='bbox 712 1541 764 1579; x_wconf 91' lang='lat' dir='ltr'><em>N</em></span> <span class='ocrx_word' id='word_1_166' title='bbox 788 1537 949 1580; x_wconf 77' lang='lat' dir='ltr'>omittit</span> <span class='ocrx_word' id='word_1_167' title='bbox 986 1539 1191 1594; x_wconf 87' lang='lat' dir='ltr'>leguntur</span> <span class='ocrx_word' id='word_1_168' title='bbox 1217 1538 1265 1580; x_wconf 90' lang='lat' dir='ltr'>in</span> <span class='ocrx_word' id='word_1_169' title='bbox 1292 1543 1356 1588; x_wconf 91' lang='lat' dir='ltr'>B,</span> <span class='ocrx_word' id='word_1_170' title='bbox 1387 1537 1435 1579; x_wconf 89' lang='lat' dir='ltr'>in</span> <span class='ocrx_word' id='word_1_171' title='bbox 1464 1552 1549 1592; x_wconf 91' lang='lat' dir='ltr'>quo</span> <span class='ocrx_word' id='word_1_172' title='bbox 1577 1552 1723 1578; x_wconf 87' lang='lat' dir='ltr'>rursus</span> 
     </span>
     <span class='ocr_line' id='line_1_20' title="bbox 167 1609 1725 1663; baseline -0.001 -13"><span class='ocrx_word' id='word_1_173' title='bbox 167 1609 253 1650; x_wconf 82' lang='lat' dir='ltr'>alia</span> <span class='ocrx_word' id='word_1_174' title='bbox 281 1610 438 1650; x_wconf 85' lang='lat' dir='ltr'>desunt</span> <span class='ocrx_word' id='word_1_175' title='bbox 474 1623 583 1663; x_wconf 83' lang='lat' dir='ltr'>quae</span> <span class='ocrx_word' id='word_1_176' title='bbox 610 1612 661 1651; x_wconf 92' lang='lat' dir='ltr'><em>N</em></span> <span class='ocrx_word' id='word_1_177' title='bbox 675 1609 819 1650; x_wconf 85' lang='lat' dir='ltr'>habet.</span> <span class='ocrx_word' id='word_1_178' title='bbox 868 1614 911 1650; x_wconf 86' lang='lat' dir='ltr'>et</span> <span class='ocrx_word' id='word_1_179' title='bbox 930 1609 1118 1651; x_wconf 85' lang='lat' dir='ltr'>maxima</span> <span class='ocrx_word' id='word_1_180' title='bbox 1151 1609 1326 1663; x_wconf 88' lang='lat' dir='ltr'>quidem</span> <span class='ocrx_word' id='word_1_181' title='bbox 1354 1609 1511 1650; x_wconf 85' lang='lat' dir='ltr'>lacuna</span> <span class='ocrx_word' id='word_1_182' title='bbox 1540 1615 1606 1648; x_wconf 88' lang='lat' dir='ltr'>est</span> <span class='ocrx_word' id='word_1_183' title='bbox 1640 1622 1725 1662; x_wconf 84' lang='lat' dir='ltr'>qua</span> 
     </span>
     <span class='ocr_line' id='line_1_21' title="bbox 165 1677 1724 1734; baseline -0.001 -14"><span class='ocrx_word' id='word_1_184' title='bbox 165 1694 217 1720; x_wconf 85' lang='lat' dir='ltr'>ea</span> <span class='ocrx_word' id='word_1_185' title='bbox 236 1693 346 1734; x_wconf 88' lang='lat' dir='ltr'>quae</span> <span class='ocrx_word' id='word_1_186' title='bbox 366 1692 392 1720; x_wconf 85' lang='lat' dir='ltr'>a</span> <span class='ocrx_word' id='word_1_187' title='bbox 411 1679 542 1720; x_wconf 87' lang='lat' dir='ltr'>uerbo</span> <span class='ocrx_word' id='word_1_188' title='bbox 562 1679 676 1720; x_wconf 71' lang='lat' dir='ltr'>alias</span> <span class='ocrx_word' id='word_1_189' title='bbox 695 1693 725 1734; x_wconf 91' lang='lat' dir='ltr'>p</span> <span class='ocrx_word' id='word_1_190' title='bbox 749 1683 844 1729; x_wconf 91' lang='lat'><strong>118,</strong></span> <span class='ocrx_word' id='word_1_191' title='bbox 871 1680 923 1718; x_wconf 87' lang='grc'>26</span> <span class='ocrx_word' id='word_1_192' title='bbox 955 1694 1091 1734; x_wconf 88' lang='lat' dir='ltr'>usque</span> <span class='ocrx_word' id='word_1_193' title='bbox 1119 1681 1175 1720; x_wconf 87' lang='lat' dir='ltr'>ad</span> <span class='ocrx_word' id='word_1_194' title='bbox 1193 1680 1343 1720; x_wconf 78' lang='lat' dir='ltr'>Druso</span> <span class='ocrx_word' id='word_1_195' title='bbox 1362 1693 1392 1733; x_wconf 87' lang='lat' dir='ltr'>p</span> <span class='ocrx_word' id='word_1_196' title='bbox 1417 1682 1512 1728; x_wconf 84' lang='lat'><strong>119,</strong></span> <span class='ocrx_word' id='word_1_197' title='bbox 1535 1682 1562 1731; x_wconf 92' lang='grc' dir='ltr'>Ι2</span> <span class='ocrx_word' id='word_1_198' title='bbox 1593 1677 1724 1719; x_wconf 87' lang='lat' dir='ltr'>inter-</span> 
     </span>
     <span class='ocr_line' id='line_1_22' title="bbox 164 1749 1725 1805; baseline -0.001 -14"><span class='ocrx_word' id='word_1_199' title='bbox 164 1757 288 1805; x_wconf 84' lang='lat' dir='ltr'>cepta</span> <span class='ocrx_word' id='word_1_200' title='bbox 307 1755 433 1798; x_wconf 84' lang='lat' dir='ltr'>sunt;</span> <span class='ocrx_word' id='word_1_201' title='bbox 457 1763 543 1803; x_wconf 88' lang='lat' dir='ltr'>quo</span> <span class='ocrx_word' id='word_1_202' title='bbox 561 1749 656 1790; x_wconf 89' lang='lat' dir='ltr'>loco</span> <span class='ocrx_word' id='word_1_203' title='bbox 676 1763 777 1790; x_wconf 89' lang='lat' dir='ltr'>cum</span> <span class='ocrx_word' id='word_1_204' title='bbox 798 1763 919 1791; x_wconf 89' lang='lat' dir='ltr'>noua</span> <span class='ocrx_word' id='word_1_205' title='bbox 936 1749 1096 1804; x_wconf 80' lang='lat' dir='ltr'>pagina</span> <span class='ocrx_word' id='word_1_206' title='bbox 1114 1749 1311 1804; x_wconf 86' lang='lat' dir='ltr'>incipiat,</span> <span class='ocrx_word' id='word_1_207' title='bbox 1334 1749 1448 1790; x_wconf 87' lang='lat' dir='ltr'>inter</span> <span class='ocrx_word' id='word_1_208' title='bbox 1466 1749 1725 1790; x_wconf 85' lang='lat' dir='ltr'>uertendum</span> 
     </span>
     <span class='ocr_line' id='line_1_23' title="bbox 165 1818 1724 1876; baseline -0.002 -14"><span class='ocrx_word' id='word_1_209' title='bbox 165 1820 364 1862; x_wconf 81' lang='lat' dir='ltr'>librarius</span> <span class='ocrx_word' id='word_1_210' title='bbox 385 1819 646 1862; x_wconf 80' lang='lat' dir='ltr'>aberrauisse</span> <span class='ocrx_word' id='word_1_211' title='bbox 667 1819 856 1862; x_wconf 90' lang='lat' dir='ltr'>uidetur.</span> <span class='ocrx_word' id='word_1_212' title='bbox 888 1820 1142 1876; x_wconf 89' lang='lat' dir='ltr'>plerumque</span> <span class='ocrx_word' id='word_1_213' title='bbox 1168 1828 1316 1863; x_wconf 86' lang='lat' dir='ltr'>autem</span> <span class='ocrx_word' id='word_1_214' title='bbox 1342 1820 1439 1862; x_wconf 85' lang='lat' dir='ltr'>hice</span> <span class='ocrx_word' id='word_1_215' title='bbox 1458 1818 1657 1860; x_wconf 86' lang='lat' dir='ltr'>librarius</span> <span class='ocrx_word' id='word_1_216' title='bbox 1677 1819 1724 1860; x_wconf 89' lang='lat' dir='ltr'>in</span> 
     </span>
     <span class='ocr_line' id='line_1_24' title="bbox 167 1889 1724 1946; baseline -0.001 -14"><span class='ocrx_word' id='word_1_217' title='bbox 167 1904 352 1932; x_wconf 80' lang='lat' dir='ltr'>errorem</span> <span class='ocrx_word' id='word_1_218' title='bbox 387 1889 590 1932; x_wconf 87' lang='lat' dir='ltr'>inductus</span> <span class='ocrx_word' id='word_1_219' title='bbox 620 1897 686 1932; x_wconf 87' lang='lat' dir='ltr'>est</span> <span class='ocrx_word' id='word_1_220' title='bbox 720 1890 797 1932; x_wconf 87' lang='lat' dir='ltr'>ubi</span> <span class='ocrx_word' id='word_1_221' title='bbox 827 1890 944 1932; x_wconf 88' lang='lat' dir='ltr'>idem</span> <span class='ocrx_word' id='word_1_222' title='bbox 972 1891 1153 1933; x_wconf 88' lang='lat' dir='ltr'>uerbum</span> <span class='ocrx_word' id='word_1_223' title='bbox 1181 1890 1304 1932; x_wconf 90' lang='lat' dir='ltr'>breui</span> <span class='ocrx_word' id='word_1_224' title='bbox 1333 1890 1472 1946; x_wconf 88' lang='lat' dir='ltr'>spatio</span> <span class='ocrx_word' id='word_1_225' title='bbox 1500 1889 1724 1931; x_wconf 85' lang='lat' dir='ltr'>interiecto</span> 
     </span>
     <span class='ocr_line' id='line_1_25' title="bbox 156 1949 1688 2019; baseline 0.001 -18"><span class='ocrx_word' id='word_1_226' title='bbox 156 1949 397 2015; x_wconf 60' lang='lat' dir='ltr'>&#39;repetitum</span> <span class='ocrx_word' id='word_1_227' title='bbox 416 1960 615 2011; x_wconf 82' lang='lat' dir='ltr'>uidebat,</span> <span class='ocrx_word' id='word_1_228' title='bbox 637 1966 688 2001; x_wconf 87' lang='lat' dir='ltr'>ut</span> <span class='ocrx_word' id='word_1_229' title='bbox 706 1959 1006 2002; x_wconf 72' lang='lat' dir='ltr'>interiacentis.</span> <span class='ocrx_word' id='word_1_230' title='bbox 1025 1961 1258 2004; x_wconf 83' lang='lat' dir='ltr'>omitteret.</span> <span class='ocrx_word' id='word_1_231' title='bbox 1684 2016 1688 2019; x_wconf 16' lang='grc' dir='ltr'><strong><em>ῃ</em></strong></span> 
     </span>
     <span class='ocr_line' id='line_1_26' title="bbox 164 2030 1679 2087; baseline 0 -16"><span class='ocrx_word' id='word_1_232' title='bbox 164 2046 195 2087; x_wconf 94' lang='lat' dir='ltr'>p</span> <span class='ocrx_word' id='word_1_233' title='bbox 228 2034 295 2081; x_wconf 89' lang='grc'>19,</span> <span class='ocrx_word' id='word_1_234' title='bbox 315 2034 367 2072; x_wconf 90' lang='grc'>24</span> <span class='ocrx_word' id='word_1_235' title='bbox 390 2037 563 2072; x_wconf 81' lang='lat' dir='ltr'>tantum</span> <span class='ocrx_word' id='word_1_236' title='bbox 589 2030 815 2074; x_wconf 86' lang='lat' dir='ltr'>hominum</span> <span class='ocrx_word' id='word_1_237' title='bbox 840 2038 1012 2074; x_wconf 85' lang='lat' dir='ltr'>tantum</span> <span class='ocrx_word' id='word_1_238' title='bbox 1044 2046 1165 2087; x_wconf 84' lang='lat' dir='ltr'>agro·</span> <span class='ocrx_word' id='word_1_239' title='bbox 1223 2039 1397 2074; x_wconf 85' lang='lat' dir='ltr'>tantum</span> <span class='ocrx_word' id='word_1_240' title='bbox 1417 2044 1617 2086; x_wconf 83' lang='lat' dir='ltr'>agrorum</span> <span class='ocrx_word' id='word_1_241' title='bbox 1638 2035 1679 2071; x_wconf 91' lang='lat' dir='ltr'><em>B</em></span> 
     </span>
    </p>
   </div>
   <div class='ocr_carea' id='block_1_3' title="bbox 223 2105 1723 2438">
    <p class='ocr_par' dir='ltr' id='par_1_4' title="bbox 383 2105 553 2143">
     <span class='ocr_line' id='line_1_27' title="bbox 383 2105 553 2143; baseline 0 0"><span class='ocrx_word' id='word_1_242' title='bbox 383 2115 483 2143; x_wconf 89' lang='lat' dir='ltr'>rum</span> <span class='ocrx_word' id='word_1_243' title='bbox 501 2105 553 2143; x_wconf 90' lang='lat' dir='ltr'><em>N</em></span> 
     </span>
    </p>

    <p class='ocr_par' dir='ltr' id='par_1_5' title="bbox 223 2171 1675 2299">
     <span class='ocr_line' id='line_1_28' title="bbox 223 2171 1675 2228; baseline -0.001 -14"><span class='ocrx_word' id='word_1_244' title='bbox 223 2175 294 2223; x_wconf 88' lang='grc'>28,</span> <span class='ocrx_word' id='word_1_245' title='bbox 342 2177 368 2213; x_wconf 82' lang='grc'>4</span> <span class='ocrx_word' id='word_1_246' title='bbox 388 2185 506 2214; x_wconf 90' lang='lat' dir='ltr'>nunc</span> <span class='ocrx_word' id='word_1_247' title='bbox 549 2171 790 2214; x_wconf 85' lang='lat' dir='ltr'>libertatem</span> <span class='ocrx_word' id='word_1_248' title='bbox 836 2187 954 2214; x_wconf 89' lang='lat' dir='ltr'>nunc</span> <span class='ocrx_word' id='word_1_249' title='bbox 1000 2173 1165 2228; x_wconf 87' lang='lat' dir='ltr'>pudici·</span> <span class='ocrx_word' id='word_1_250' title='bbox 1222 2186 1340 2213; x_wconf 91' lang='lat' dir='ltr'>nunc</span> <span class='ocrx_word' id='word_1_251' title='bbox 1360 2171 1615 2226; x_wconf 84' lang='lat' dir='ltr'>pudicitiam</span> <span class='ocrx_word' id='word_1_252' title='bbox 1634 2177 1675 2212; x_wconf 92' lang='lat' dir='ltr'><em>B</em></span> 
     </span>
     <span class='ocr_line' id='line_1_29' title="bbox 386 2242 1112 2299; baseline -0.001 -15"><span class='ocrx_word' id='word_1_253' title='bbox 386 2242 491 2284; x_wconf 83' lang='lat' dir='ltr'>tiam</span> <span class='ocrx_word' id='word_1_254' title='bbox 510 2245 562 2283; x_wconf 90' lang='lat' dir='ltr'><em>N</em></span> <span class='ocrx_word' id='word_1_255' title='bbox 1110 2297 1112 2299; x_wconf 14' lang='lat' dir='ltr'>q</span> 
     </span>
    </p>

    <p class='ocr_par' dir='ltr' id='par_1_6' title="bbox 226 2311 1723 2438">
     <span class='ocr_line' id='line_1_30' title="bbox 226 2311 1723 2367; baseline -0.001 -13"><span class='ocrx_word' id='word_1_256' title='bbox 226 2317 295 2364; x_wconf 70' lang='lat'>34,</span> <span class='ocrx_word' id='word_1_257' title='bbox 351 2319 369 2354; x_wconf 97' lang='lat'><strong>1</strong></span> <span class='ocrx_word' id='word_1_258' title='bbox 391 2312 527 2354; x_wconf 89' lang='lat' dir='ltr'>maior</span> <span class='ocrx_word' id='word_1_259' title='bbox 546 2328 675 2367; x_wconf 84' lang='lat' dir='ltr'>quam</span> <span class='ocrx_word' id='word_1_260' title='bbox 695 2313 886 2355; x_wconf 88' lang='lat' dir='ltr'>uirorum</span> <span class='ocrx_word' id='word_1_261' title='bbox 913 2322 992 2356; x_wconf 87' lang='lat' dir='ltr'>est.</span> <span class='ocrx_word' id='word_1_262' title='bbox 1011 2314 1074 2355; x_wconf 81' lang='lat' dir='ltr'>ita</span> <span class='ocrx_word' id='word_1_263' title='bbox 1101 2329 1164 2356; x_wconf 89' lang='lat' dir='ltr'>se·</span> <span class='ocrx_word' id='word_1_264' title='bbox 1223 2311 1358 2353; x_wconf 84' lang='lat' dir='ltr'>maior</span> <span class='ocrx_word' id='word_1_265' title='bbox 1385 2326 1516 2366; x_wconf 84' lang='lat' dir='ltr'>quam</span> <span class='ocrx_word' id='word_1_266' title='bbox 1544 2311 1723 2353; x_wconf 79' lang='lat' dir='ltr'>femina-</span> 
     </span>
     <span class='ocr_line' id='line_1_31' title="bbox 389 2384 1437 2438; baseline -0.001 -14"><span class='ocrx_word' id='word_1_267' title='bbox 389 2397 523 2437; x_wconf 87' lang='lat' dir='ltr'>quens</span> <span class='ocrx_word' id='word_1_268' title='bbox 542 2384 683 2426; x_wconf 86' lang='lat' dir='ltr'>minor</span> <span class='ocrx_word' id='word_1_269' title='bbox 702 2399 832 2438; x_wconf 86' lang='lat' dir='ltr'>quam</span> <span class='ocrx_word' id='word_1_270' title='bbox 848 2384 1106 2426; x_wconf 84' lang='lat' dir='ltr'>feminarum</span> <span class='ocrx_word' id='word_1_271' title='bbox 1120 2389 1171 2426; x_wconf 91' lang='lat' dir='ltr'><em>N</em></span> <span class='ocrx_word' id='word_1_272' title='bbox 1281 2397 1378 2424; x_wconf 88' lang='lat' dir='ltr'>rum</span> <span class='ocrx_word' id='word_1_273' title='bbox 1397 2388 1437 2423; x_wconf 90' lang='lat' dir='ltr'><em>B</em></span> 
     </span>
    </p>
   </div>
   <div class='ocr_carea' id='block_1_4' title="bbox 226 2452 1610 2578">
    <p class='ocr_par' dir='ltr' id='par_1_7' title="bbox 226 2452 1610 2578">
     <span class='ocr_line' id='line_1_32' title="bbox 226 2452 1610 2510; baseline 0 -17"><span class='ocrx_word' id='word_1_274' title='bbox 226 2459 297 2504; x_wconf 76' lang='lat'>41,</span> <span class='ocrx_word' id='word_1_275' title='bbox 318 2455 370 2494; x_wconf 86' lang='lat'>25</span> <span class='ocrx_word' id='word_1_276' title='bbox 391 2452 566 2495; x_wconf 75' lang='lat' dir='ltr'>annibal</span> <span class='ocrx_word' id='word_1_277' title='bbox 612 2455 665 2496; x_wconf 89' lang='lat' dir='ltr'>de</span> <span class='ocrx_word' id='word_1_278' title='bbox 718 2453 920 2510; x_wconf 89' lang='lat' dir='ltr'>scipionis</span> <span class='ocrx_word' id='word_1_279' title='bbox 975 2455 1166 2496; x_wconf 84' lang='lat' dir='ltr'>exercitu</span> <span class='ocrx_word' id='word_1_280' title='bbox 1223 2452 1399 2494; x_wconf 83' lang='lat' dir='ltr'>annibal</span> <span class='ocrx_word' id='word_1_281' title='bbox 1419 2452 1546 2494; x_wconf 86' lang='lat' dir='ltr'>cessit</span> <span class='ocrx_word' id='word_1_282' title='bbox 1572 2458 1610 2493; x_wconf 91' lang='lat' dir='ltr'><em>B</em></span> 
     </span>
     <span class='ocr_line' id='line_1_33' title="bbox 386 2523 1165 2578; baseline 0.003 -13"><span class='ocrx_word' id='word_1_283' title='bbox 386 2523 742 2578; x_wconf 84' lang='lat' dir='ltr'>praedicauerunt</span> <span class='ocrx_word' id='word_1_284' title='bbox 761 2526 837 2567; x_wconf 85' lang='lat' dir='ltr'>sed</span> <span class='ocrx_word' id='word_1_285' title='bbox 866 2531 1011 2567; x_wconf 88' lang='lat' dir='ltr'>tamen</span> <span class='ocrx_word' id='word_1_286' title='bbox 1042 2525 1165 2567; x_wconf 87' lang='lat' dir='ltr'>anni—</span> 
     </span>
    </p>
   </div>
   <div class='ocr_carea' id='block_1_5' title="bbox 199 2593 1685 2863">
    <p class='ocr_par' dir='ltr' id='par_1_8' title="bbox 199 2593 1685 2863">
     <span class='ocr_line' id='line_1_34' title="bbox 386 2593 674 2636; baseline 0.003 -1"><span class='ocrx_word' id='word_1_287' title='bbox 386 2594 459 2635; x_wconf 88' lang='lat' dir='ltr'>bal</span> <span class='ocrx_word' id='word_1_288' title='bbox 478 2593 605 2636; x_wconf 85' lang='lat' dir='ltr'>cessit</span> <span class='ocrx_word' id='word_1_289' title='bbox 622 2598 674 2636; x_wconf 90' lang='lat' dir='ltr'><em>N</em></span> 
     </span>
     <span class='ocr_line' id='line_1_35' title="bbox 225 2664 1664 2716; baseline -0.001 -10"><span class='ocrx_word' id='word_1_290' title='bbox 225 2670 296 2716; x_wconf 80' lang='lat'>47,</span> <span class='ocrx_word' id='word_1_291' title='bbox 344 2670 367 2706; x_wconf 80' lang='lat'>4</span> <span class='ocrx_word' id='word_1_292' title='bbox 389 2666 674 2707; x_wconf 83' lang='lat' dir='ltr'>macedonum</span> <span class='ocrx_word' id='word_1_293' title='bbox 694 2665 860 2707; x_wconf 89' lang='lat' dir='ltr'>uiribus</span> <span class='ocrx_word' id='word_1_294' title='bbox 888 2665 1086 2709; x_wconf 81' lang='lat' dir='ltr'>thracum</span> <span class='ocrx_word' id='word_1_295' title='bbox 1103 2666 1164 2709; x_wconf 84' lang='lat' dir='ltr'>fe-</span> <span class='ocrx_word' id='word_1_296' title='bbox 1223 2664 1527 2706; x_wconf 86' lang='lat' dir='ltr'>macedonibus</span> <span class='ocrx_word' id='word_1_297' title='bbox 1550 2664 1664 2705; x_wconf 88' lang='lat' dir='ltr'>thra-</span> 
     </span>
     <span class='ocr_line' id='line_1_36' title="bbox 384 2734 1685 2791; baseline -0.003 -13"><span class='ocrx_word' id='word_1_298' title='bbox 384 2735 545 2778; x_wconf 78' lang='lat' dir='ltr'>ruciam</span> <span class='ocrx_word' id='word_1_299' title='bbox 565 2735 761 2777; x_wconf 87' lang='lat' dir='ltr'>thracum</span> <span class='ocrx_word' id='word_1_300' title='bbox 781 2735 1008 2791; x_wconf 84' lang='lat' dir='ltr'>disciplina</span> <span class='ocrx_word' id='word_1_301' title='bbox 1024 2740 1077 2779; x_wconf 88' lang='lat' dir='ltr'><em>N</em></span> <span class='ocrx_word' id='word_1_302' title='bbox 1280 2750 1379 2777; x_wconf 93' lang='lat' dir='ltr'>cum</span> <span class='ocrx_word' id='word_1_303' title='bbox 1399 2734 1626 2789; x_wconf 81' lang='lat' dir='ltr'>disciplina</span> <span class='ocrx_word' id='word_1_304' title='bbox 1646 2739 1685 2774; x_wconf 93' lang='lat' dir='ltr'><em>B</em></span> 
     </span>
     <span class='ocr_line' id='line_1_37' title="bbox 199 2806 1503 2863; baseline -0.002 -14"><span class='ocrx_word' id='word_1_305' title='bbox 199 2813 295 2858; x_wconf 89' lang='grc'>107,</span> <span class='ocrx_word' id='word_1_306' title='bbox 344 2813 367 2849; x_wconf 88' lang='grc'>5</span> <span class='ocrx_word' id='word_1_307' title='bbox 387 2807 532 2863; x_wconf 84' lang='lat' dir='ltr'>grauis</span> <span class='ocrx_word' id='word_1_308' title='bbox 551 2806 649 2861; x_wconf 82' lang='lat' dir='ltr'>paci</span> <span class='ocrx_word' id='word_1_309' title='bbox 668 2806 812 2861; x_wconf 87' lang='lat' dir='ltr'>grauis</span> <span class='ocrx_word' id='word_1_310' title='bbox 831 2806 894 2848; x_wconf 90' lang='lat' dir='ltr'>rei</span> <span class='ocrx_word' id='word_1_311' title='bbox 917 2811 968 2849; x_wconf 90' lang='lat' dir='ltr'><em>N</em></span> <span class='ocrx_word' id='word_1_312' title='bbox 1219 2806 1364 2862; x_wconf 80' lang='lat' dir='ltr'>grau’is</span> <span class='ocrx_word' id='word_1_313' title='bbox 1385 2806 1446 2847; x_wconf 90' lang='lat' dir='ltr'>rei</span> <span class='ocrx_word' id='word_1_314' title='bbox 1464 2810 1503 2846; x_wconf 90' lang='lat' dir='ltr'><em>B</em></span> 
     </span>
    </p>
   </div>
   <div class='ocr_carea' id='block_1_6' title="bbox 201 2873 1665 3003">
    <p class='ocr_par' dir='ltr' id='par_1_9' title="bbox 201 2873 1665 3003">
     <span class='ocr_line' id='line_1_38' title="bbox 201 2873 1665 2933; baseline -0.003 -15"><span class='ocrx_word' id='word_1_315' title='bbox 201 2882 296 2928; x_wconf 78' lang='lat'><strong>113,</strong></span> <span class='ocrx_word' id='word_1_316' title='bbox 318 2884 368 2920; x_wconf 89' lang='lat'>15</span> <span class='ocrx_word' id='word_1_317' title='bbox 389 2878 651 2933; x_wconf 81' lang='lat' dir='ltr'>imperatore·</span> <span class='ocrx_word' id='word_1_318' title='bbox 697 2877 885 2933; x_wconf 82' lang='lat' dir='ltr'>pretium</span> <span class='ocrx_word' id='word_1_319' title='bbox 931 2876 1164 2920; x_wconf 88' lang='lat' dir='ltr'>libidinum</span> <span class='ocrx_word' id='word_1_320' title='bbox 1223 2878 1475 2932; x_wconf 73' lang='lat' dir='ltr'>imperatore</span> <span class='ocrx_word' id='word_1_321' title='bbox 1496 2873 1605 2928; x_wconf 84' lang='lat' dir='ltr'>petit</span> <span class='ocrx_word' id='word_1_322' title='bbox 1627 2879 1665 2913; x_wconf 89' lang='lat' dir='ltr'><em>B</em></span> 
     </span>
     <span class='ocr_line' id='line_1_39' title="bbox 405 2947 1074 3003; baseline -0.001 -12"><span class='ocrx_word' id='word_1_323' title='bbox 405 2963 631 2991; x_wconf 86' lang='lat' dir='ltr'>romanum</span> <span class='ocrx_word' id='word_1_324' title='bbox 650 2947 878 3002; x_wconf 86' lang='lat' dir='ltr'>imperium</span> <span class='ocrx_word' id='word_1_325' title='bbox 897 2947 1007 3003; x_wconf 85' lang='lat' dir='ltr'>petit</span> <span class='ocrx_word' id='word_1_326' title='bbox 1025 2952 1074 2990; x_wconf 89' lang='lat' dir='ltr'><em>N</em></span> 
     </span>
    </p>
   </div>
  </div>
 </body>
</html>
