2002 3320
238 228 295 265 VI
882 235 1143 264 PRAEFATxo.

239 335 393 377 exitum
421 335 619 376 exhibere
648 338 752 384 BN,
794 349 881 376 non
903 339 997 384 IN,
1039 341 1082 375 et
1110 349 1139 389 Ρ
1165 337 1235 383 16,
1261 336 1312 374 25
1343 332 1550 375 ίηῖαίῖιαητ
1571 332 1656 387 legi
1675 332 1723 373 in
1742 336 1791 374 N

239 421 377 460 neque
398 419 498 446 uero
526 405 572 445 in
594 410 645 445 B.
680 411 867 446 ceterum
896 419 994 445 cum
1015 409 1053 444 B
1072 404 1118 444 in
1147 403 1400 444 uniuersum
1426 403 1528 444 satis
1559 402 1785 457 diligenter

239 476 420 529 scriptus
443 475 520 525 sit,
542 481 661 529 patet
682 488 781 515 eum
801 473 983 523 librum,
1017 489 1070 514 ex
1090 488 1172 528 quo
1194 473 1428 527 descriptus
1449 480 1537 523 est,
1559 472 1786 526 praecipue

241 560 389 587 uersus
418 546 550 585 finem
578 545 697 584 haud
725 543 825 584 satis
854 543 963 584 bene
992 543 1077 597 legi
1105 542 1320 598 potuisse,
1363 542 1437 583 ubi
1466 542 1602 584 multa
1630 542 1786 584 uitiose

241 615 412 669 scripta,
441 615 580 655 multa
609 628 728 655 erasa
755 619 870 654 sunt.
908 612 1092 666 denique
1121 627 1150 667 p
1175 616 1269 663 123,
1298 619 1315 654 1
1339 613 1386 653 in
1416 613 1567 654 litteris
1588 613 1790 668 profund

239 687 371 726 finem
391 685 491 726 fecit
511 684 707 725 librarius
728 684 921 725 nondum
940 682 1065 723 finita
1082 682 1240 737 pagina
1251 713 1264 732 ,
1296 682 1358 724 ita
1376 689 1426 723 ut
1445 690 1583 724 cetera
1603 690 1678 724 aut
1698 678 1786 724 omss

240 755 344 796 nino
364 755 547 796 defuisse
568 753 615 795 in
634 753 742 795 libro
763 768 839 795 suo
860 753 1090 793 uideantur
1109 759 1185 793 aut
1203 752 1290 806 legi
1308 766 1396 793 non
1415 753 1618 807 potuisse.
1670 753 1787 794 hunc

240 826 601 879 Bambergensem
621 824 809 865 codicem
830 838 851 864 e
881 823 998 864 fonte
1029 822 1271 863 deriuatum
1299 836 1389 863 esse
1418 836 1588 876 prorsus
1617 822 1786 864 diuerso

242 910 266 936 a
286 895 434 936 ceteris
456 901 663 949 quotquot
683 894 775 934 noti
797 900 898 934 sunt
919 892 1033 934 Flori
1053 892 1269 933 codicibus
1299 893 1371 933 uel
1399 892 1500 933 inde
1529 892 1631 933 satis
1650 892 1787 933 mani-

241 965 397 1005 festum
433 971 497 1005 est
535 965 650 1018 quod
683 964 798 1005 solus
843 963 1044 1004 lacunam
1087 977 1194 1017 quae
1241 970 1400 1004 ceteros
1436 963 1600 1004 codices
1629 977 1658 1017 p
1691 967 1786 1012 110,

247 1037 379 1074 1—24
414 1033 642 1088 occupauit
662 1034 877 1088 expletam
895 1033 1025 1074 habet
1046 1033 1244 1087 solusque
1267 1033 1396 1073 uerba
1410 1028 1610 1074 ‘Siciliae
1629 1046 1790 1087 quoque

244 1104 370 1145 litora
401 1109 441 1145 et
473 1103 752 1158 Campaniam
778 1109 964 1144 nostram
985 1103 1120 1144 subito
1148 1105 1333 1144 aduentu
1365 1108 1519 1144 terrere
1543 1096 1787 1144 uoluerunt'

243 1188 319 1215 suo
339 1175 431 1215 loco
451 1189 479 1228 Ρ
504 1178 570 1224 68,
597 1179 619 1214 5
642 1173 780 1229 posita
799 1172 996 1223 exhibet,
1021 1187 1127 1227 quae
1146 1173 1193 1214 in
1212 1173 1385 1227 reliquis
1405 1187 1434 1227 Ρ
1457 1176 1526 1222 66,
1549 1177 1597 1212 15
1621 1172 1790 1212 turbato

244 1245 388 1285 ordine
418 1245 633 1299 leguntur.
686 1258 823 1297 neque
854 1258 954 1284 uero
984 1243 1029 1283 in
1059 1242 1126 1283 his
1162 1242 1421 1297 praestantia
1451 1241 1581 1283 huius
1620 1241 1718 1282 libri
1745 1255 1789 1282 se

243 1315 446 1364 continet,
471 1315 545 1355 sed
564 1313 610 1353 in
630 1312 881 1354 uniuersum
900 1313 1030 1353 uerba
1050 1312 1164 1354 Flori
1190 1313 1317 1367 longe
1347 1311 1634 1370 emendatiora
1662 1311 1792 1352 tradit

245 1399 372 1439 quam
392 1384 519 1425 ceteri
546 1391 588 1424 et
617 1384 868 1437 plerumque
898 1382 957 1423 eis
987 1377 1153 1436 quoque
1181 1382 1284 1423 locis
1322 1383 1477 1437 quibus
1510 1382 1790 1436 corruptelam

243 1469 392 1510 passus
422 1462 486 1495 est
522 1453 777 1494 emendandi
812 1453 930 1493 uiam
957 1452 1130 1505 reliquis
1160 1452 1314 1493 clarius
1344 1452 1583 1506 certiusque
1609 1451 1787 1492 indicat.

246 1539 352 1578 quae
372 1538 437 1564 res
459 1530 546 1564 tam
567 1530 712 1576 aperta
732 1529 795 1563 est
817 1529 866 1563 ut
881 1522 1087 1577 exemplis
1108 1536 1203 1562 eam
1219 1523 1506 1563 demonstrare
1527 1522 1791 1576 superfluum

245 1594 315 1644 sit,
339 1609 438 1635 cum
458 1593 544 1634 iam
564 1607 854 1647 quaecumque
884 1592 931 1632 in
961 1592 1041 1632 hoc
1070 1592 1178 1632 libro
1207 1592 1411 1646 leguntur
1441 1599 1636 1632 accurate
1661 1593 1791 1633 adno-

247 1670 336 1704 tata
356 1670 517 1704 extent.
550 1677 651 1703 nam
681 1677 735 1703 ex
762 1661 948 1703 editione
976 1676 1002 1702 a
1022 1661 1228 1702 Seebodio
1250 1676 1362 1703 anno
1383 1674 1606 1703 Mncccxxt
1625 1669 1788 1712 curata,

246 1733 320 1787 qui
348 1732 510 1787 primus
539 1732 682 1773 codice
715 1731 1022 1786 Bambergensi
1048 1756 1105 1763 —
1132 1747 1221 1773 non
1255 1732 1435 1773 dixerim
1469 1746 1572 1773 usus
1608 1738 1697 1781 est,
1740 1733 1792 1772 de

245 1802 508 1857 praestantia
527 1802 617 1843 eius
639 1802 881 1843 coniectura
900 1802 996 1856 capi
1014 1817 1103 1843 non
1122 1801 1278 1856 potuit.
1311 1802 1383 1842 ille
1404 1801 1520 1842 enim
1547 1816 1637 1842 non
1663 1816 1792 1843 ausus

246 1887 390 1927 sapere
410 1887 465 1912 ne
485 1873 686 1913 lacunam
707 1872 880 1927 quidem
900 1872 1067 1927 explere
1084 1879 1158 1913 aut
1178 1873 1307 1913 uerba
1322 1886 1450 1926 supra
1465 1877 1697 1912 memorata
1716 1886 1793 1912 suo

246 1943 338 1984 loco
358 1957 558 1997 reponere
579 1943 785 1984 sustinuit
813 1950 855 1984 et
881 1958 935 1984 ex
963 1942 1131 1997 ingenti
1159 1942 1423 1996 egregiarum
1451 1942 1684 1983 lectionum
1713 1956 1792 1983 nu-

247 2027 362 2053 mero
389 2028 547 2067 paucas
577 2019 746 2054 tantum
774 2028 927 2068 easque
957 2012 1127 2053 minimi
1170 2013 1255 2052 fere
1293 2011 1500 2052 momenti
1536 2012 1711 2065 probare
1740 2012 1792 2052 ab

249 2082 392 2123 animo
421 2098 497 2124 suo
527 2083 787 2137 impetrauit.
847 2085 919 2124 uel
954 2083 1014 2124 sic
1047 2081 1234 2123 hominis
1268 2081 1488 2136 ignauiam
1508 2080 1606 2122 libri
1624 2081 1794 2123 bonitas

249 2153 466 2206 superauit
501 2153 623 2207 eique
657 2153 788 2194 semel
822 2153 893 2193 uel
927 2152 1082 2194 iterum
1116 2166 1263 2193 ueram
1298 2151 1639 2193 emendationem
1673 2152 1794 2206 quasi

247 2222 439 2263 extorsit.

363 2292 504 2333 Simili
523 2293 631 2334 libro
653 2300 780 2347 atque
809 2293 845 2334 is
875 2292 958 2333 fuit
969 2323 982 2342 ,
1019 2306 1073 2332 ex
1102 2306 1186 2346 quo
1220 2292 1546 2346 Bambergensis
1576 2292 1794 2334 deriuatus

248 2368 334 2410 est,
370 2377 471 2403 usus
502 2371 566 2403 est
586 2363 814 2413 Iordanes,
855 2377 981 2417 quem
1007 2362 1055 2402 in
1083 2361 1191 2403 libro
1211 2362 1262 2402 de
1284 2362 1548 2403 successione
1568 2375 1794 2416 regnorum

247 2431 459 2485 permulta
479 2446 531 2472 ex
553 2432 676 2473 Floro
698 2432 967 2486 descripsisse
988 2431 1063 2472 diu
1083 2431 1429 2472 animaduersum
1449 2440 1527 2473 est.
1561 2438 1604 2473 et
1631 2433 1684 2473 ab
1712 2431 1793 2472 ini-

248 2500 307 2541 tio
327 2515 463 2554 usque
484 2502 538 2542 ad
556 2502 720 2542 bellum
741 2501 1067 2543 Macedonicum
1097 2502 1332 2542 secundum
1359 2516 1387 2556 p
1410 2506 1480 2552 46,
1506 2506 1557 2542 20
1591 2502 1793 2543 Iordanes

249 2571 351 2612 satis
373 2571 548 2611 adsidue
569 2578 611 2611 et
630 2586 705 2625 per
723 2572 852 2626 longa
872 2572 1013 2626 capita
1032 2571 1247 2625 integrum
1266 2571 1352 2612 fere
1368 2572 1540 2612 Florum
1556 2571 1791 2625 descripsit,

249 2649 341 2682 tum
357 2655 458 2681 uero
473 2640 692 2694 fatigatus,
716 2648 765 2682 ut
779 2642 951 2682 breuius
968 2656 1057 2682 rem
1072 2647 1304 2695 perageret,
1324 2641 1478 2682 omisso
1495 2641 1619 2682 Floro
1630 2641 1674 2682 S.
1690 2642 1794 2682 Rufi

249 2710 517 2764 potissimum
538 2710 795 2751 breuiarium
817 2711 898 2751 sibi
919 2711 1048 2765 elegit
1069 2712 1181 2765 quod
1203 2718 1459 2765 sequeretur.
1491 2724 1628 2763 neque
1650 2717 1795 2752 tamen

247 2787 394 2834 postea
415 2779 529 2821 Flori
548 2793 717 2833 prorsus
740 2780 895 2824 oblitus
917 2787 995 2829 est,
1021 2781 1094 2821 sed
1114 2780 1159 2820 in
1180 2781 1302 2821 rebus
1323 2779 1465 2822 Crassi
1485 2794 1513 2834 Ρ
1533 2785 1600 2830 75,
1621 2785 1644 2820 4
1667 2788 1794 2835 atque

250 2849 437 2903 Augusti
457 2864 486 2903 p
512 2854 588 2890 113
606 2864 682 2904 sqq
703 2851 757 2890 ad
778 2863 875 2890 eum
895 2863 1088 2890 reuersus
1108 2863 1245 2904 pauca
1264 2851 1470 2904 quaedam
1491 2850 1590 2891 inde
1611 2849 1794 2904 descrip-

252 2918 320 2960 sit.
354 2919 486 2973 igitur
513 2934 804 2974 quaecumque
835 2920 1038 2961 Iordanes
1069 2934 1091 2960 e
1122 2920 1246 2961 Floro
1275 2920 1329 2960 ad
1358 2919 1536 2960 uerbum
1568 2927 1791 2961 mutuatus
