2002 3320
566 217 764 261 nrrrbm
788 231 836 267 n,
859 224 918 258 18.
945 224 986 258 19
1004 217 1120 273 sun,
1141 224 1176 257 8.
1201 216 1259 272 9].
1619 218 1695 257 111

168 335 284 389 quod
296 330 584 374 mismimxm
596 336 668 370 est
694 329 876 371 fortibus
896 328 1023 378 uiris,
1060 330 1117 370 ad
1146 328 1337 370 hostium
1359 326 1591 368 arbitrium
1619 328 1699 367 sub

165 415 407 458 percussore
439 398 683 440 moriturus.
730 413 819 440 non
848 398 931 439 alia
950 405 1047 452 post
1066 397 1243 439 Xerxen
1269 396 1552 438 miserabilior
1577 396 1694 450 fuga.

166 472 320 526 quippe
346 470 472 511 modo
503 475 790 509 trecentarum
828 467 1141 522 quinquaginta
1166 466 1347 508 nauium
1380 465 1578 507 dominus
1599 480 1698 506 cum

165 555 239 582 sex
258 546 476 594 septemue
496 539 687 593 fiigiebat
707 538 897 579 extincto
915 537 1150 592 praetoriae
1178 536 1303 577 nauis
1334 535 1525 585 lumine,
1557 535 1697 576 anulis

114 619 135 651 5
165 609 211 651 in
229 622 344 650 mare
365 608 543 649 abiectis
556 640 568 657 ,
590 622 754 662 pauens
776 614 902 662 atque
921 613 1183 660 respectans,
1206 612 1249 647 et
1270 612 1415 646 tamen
1434 618 1522 646 non
1542 605 1697 645 timens

162 678 246 720 nisi
264 693 319 719 ne
338 678 509 732 periret.

251 847 457 889 XVIIII.
490 847 736 888 BELLVM
758 845 1123 888 PARTHICVM
1146 844 1256 887 SVB
1277 842 1594 886 VENTIDIO.

162 991 373 1036 Quamuis
393 991 440 1032 in
460 991 609 1032 Cassio
628 997 672 1032 et
691 992 827 1032 Bruto
856 998 1000 1044 partes
1028 990 1294 1038 sustulisset,
1325 988 1373 1028 in
1401 988 1607 1042 Pompeio
1635 995 1697 1028 to-
1714 1003 1806 1038 1111,
1826 991 1851 1029 9

161 1069 254 1102 tum
270 1060 460 1115 partium
478 1074 637 1101 nomen
655 1060 936 1110 aboleuisset‘,
968 1062 1163 1102 nondum
1184 1066 1328 1100 tamen
1348 1058 1400 1099 ad
1420 1057 1537 1111 pacis
1565 1056 1695 1098 stabi-

93 1139 136 1171 10
162 1130 328 1172 litatem
347 1130 587 1184 profecerat
601 1130 772 1178 Caesar,
795 1143 895 1170 cum
914 1130 1113 1184 scopulus
1134 1136 1178 1170 et
1196 1129 1334 1169 nodus
1355 1133 1398 1168 et
1417 1142 1536 1168 mora
1554 1127 1694 1181 publi-

160 1214 234 1241 cae
267 1199 506 1241 securitatis
536 1206 773 1254 superesset
799 1199 1030 1240 Antonius.
1074 1213 1154 1240 nee
1181 1193 1255 1239 ille
1283 1197 1420 1238 defuit
1440 1197 1559 1238 uitiis
1589 1197 1694 1251 quin

159 1268 331 1324 periret,
352 1269 486 1310 immo
506 1269 650 1310 omnia
670 1276 868 1323 expertus
884 1269 1049 1310 ambitu
1074 1275 1117 1309 et
1140 1267 1312 1309 luxuria
1330 1266 1517 1321 primum
1531 1267 1692 1316 hostes,

161 1338 315 1380 deinde
328 1338 466 1388 -ciues,
488 1339 663 1379 tandem
683 1339 813 1379 etiam
833 1345 989 1379 tetram
1008 1344 1051 1378 et
1071 1338 1289 1378 saeculum
1308 1336 1520 1378 liberauit.

277 1407 429 1448 Parthi
458 1408 579 1448 clade
608 1397 837 1449 Crassiana
865 1407 993 1448 altius
1021 1406 1186 1447 animos
1214 1414 1435 1448 erexerant
1458 1407 1696 1460 ciuilesque

94 1485 139 1517 15
166 1476 315 1531 populi
335 1475 522 1517 Romani
541 1475 770 1518 discordias
789 1476 892 1517 laeti
912 1482 1174 1530 acceperant.
1204 1475 1297 1530 regi
1323 1475 1468 1530 itaque
1486 1482 1539 1516 ut
1557 1475 1696 1530 prima

166 1546 344 1587 adfulsit
384 1545 574 1595 occasio,
609 1561 700 1587 non
741 1546 1049 1587 dubitauerunt
1091 1559 1334 1599 erumpere,
1376 1546 1487 1586 ultso
1522 1545 1696 1599 quiden

163 1614 378 1675 inuitante
405 1615 622 1665 Labieno,
660 1615 735 1670 qui
759 1615 917 1656 missus
946 1630 970 1656 a
1000 1614 1149 1656 Cassio
1167 1617 1389 1669 Brutoque
1408 1638 1460 1646 -
1485 1615 1561 1669 qui
1579 1615 1697 1655 furor

163 1684 394 1726 scelerum!
419 1708 473 1715 —
502 1683 804 1726 sollicitauerat
830 1685 974 1726 hostes
1002 1685 1049 1725 in
1084 1684 1309 1726 auxilium.
1349 1691 1399 1725 et
1432 1684 1499 1725 ffli
1534 1685 1695 1725 Pacoro

163 1756 270 1795 duee
282 1785 295 1804 ‚
315 1753 433 1808 regio
452 1753 611 1795 iuuene
622 1785 636 1804 ,
671 1754 937 1809 dispulerant
955 1755 1205 1797 Antoniana
1230 1753 1442 1808 praesidia
1452 1770 1465 1803 3
1502 1754 1618 1795 Saxa
1635 1753 1694 1794 le·

92 1831 137 1864 20
163 1830 288 1878 gatus
308 1838 363 1864 ne
384 1823 550 1864 ueniret
567 1823 615 1863 in
633 1829 890 1878 potestatem
904 1824 1048 1878 gladio
1063 1823 1325 1877 impetrauit.
1349 1823 1533 1878 denique
1554 1823 1697 1864 ablata

165 1892 290 1947 Syria
309 1893 535 1934 emanabat
554 1892 685 1934 latius
714 1893 897 1943 malum,
936 1892 1130 1934 hostibus
1158 1893 1238 1934 sub
1268 1892 1419 1934 auxilii
1447 1893 1586 1947 specie
1614 1892 1696 1933 sibi

162 1961 460 2011 uincentibus,
483 1961 567 2003 nisi
587 1962 841 2012 Ventidius,
869 1970 917 2003 et
936 1962 1007 2003 hic
1026 1963 1193 2016 legatus
1211 1963 1395 2004 Antonii
1410 1995 1424 2013 ‚
1453 1961 1695 2003 incredibili

161 2031 367 2086 felicitate
384 2038 430 2072 et
450 2031 631 2072 Labieni
651 2031 794 2086 copias
823 2031 1049 2086 ipsumque
1080 2034 1292 2074 Pacorum
1320 2039 1363 2073 et
1390 2046 1561 2073 omnem
1592 2033 1695 2072 Par·

163 2101 329 2142 thicum
361 2100 601 2155 equitatum
635 2107 725 2142 toto
750 2101 864 2142 inter
890 2101 1083 2142 Oronten
1112 2108 1156 2142 et
1189 2101 1441 2155 Euphraten
1475 2100 1575 2142 sinu
1609 2101 1696 2140 late

93 2176 138 2209 25
165 2170 400 2211 cecidisset.
435 2169 593 2223 uiginti
613 2170 797 2223 amplius
817 2158 986 2211 milium
1006 2170 1103 2211 fuit.
1136 2185 1217 2211 nec
1246 2170 1338 2211 sine
1360 2169 1538 2211 consilio
1557 2168 1693 2218 ducis,

165 2237 240 2291 qui
272 2237 475 2278 simulato
507 2244 628 2277 metu
661 2239 766 2278 adeo
799 2252 951 2292 passus
980 2245 1046 2279 est
1079 2239 1247 2279 hostem
1277 2239 1424 2281 eastris
1454 2239 1694 2287 succedere,

166 2307 300 2347 donec
335 2306 558 2359 absumpto
586 2305 723 2346 iactus
754 2306 892 2360 spatio
919 2307 1123 2348 adimeret
1152 2322 1279 2348 usum
1307 2308 1575 2363 sagittarum.
1622 2322 1698 2349 rex

165 2374 392 2416 fortissime
413 2374 620 2416 dimicans
641 2375 809 2416 cecidit.
839 2390 943 2418 mox
957 2376 1205 2419 circumlato
1221 2377 1312 2419 eius
1331 2393 1407 2433 per
1424 2378 1566 2428 urbes,
1588 2391 1697 2432 quae

174 2609 188 2640 1
208 2618 275 2653 sup
288 2615 313 2641 Β
331 2606 342 2651 ss
359 2608 380 2640 2
398 2617 525 2639 xersen
538 2613 564 2639 B
581 2605 592 2650 [1
610 2607 629 2638 4
647 2607 857 2651 portitoriae
878 2616 924 2650 B,
950 2611 1129 2654 praetorio
1153 2619 1188 2645 Ν
1202 2611 1214 2657 ΙΙ
1233 2614 1252 2645 5
1276 2616 1416 2646 rectans
1432 2620 1457 2646 Β
1474 2613 1486 2658 ΙΙ
1519 2614 1539 2646 6
1558 2611 1627 2645 nisi
1643 2623 1698 2643 om

167 2663 227 2708 ΝΠ
245 2666 262 2697 7
278 2669 501 2698 PAR'n-ncvu
517 2661 575 2706 ΝΗ
594 2662 614 2694 8
639 2660 688 2694 im
712 2669 738 2695 B
764 2663 777 2708 fl
801 2666 822 2696 9
846 2663 1023 2700 abolesset
1042 2673 1076 2699 Ν
1098 2666 1110 2712 ΙΙ
1138 2668 1178 2701 10
1204 2668 1372 2713 scopolus
1396 2677 1421 2702 Β
1446 2669 1458 2714 ΙΙ
1486 2669 1528 2701 12
1545 2666 1701 2700 ambitus

168 2725 194 2751 B
211 2718 223 2762 ΙΙ
242 2720 284 2751 13
300 2723 430 2752 terram
445 2721 483 2750 et
498 2715 703 2761 Haupam:
727 2722 842 2752 terrae
857 2727 906 2761 Ν,
932 2724 1066 2755 terrore
1082 2730 1125 2764 Β,
1153 2728 1267 2758 terrae
1292 2723 1415 2758 orbem
1438 2722 1608 2756 Halmius
1626 2720 1637 2764 ll
1660 2722 1698 2753 14

172 2772 378 2807 classianaB
396 2772 408 2818 11
428 2775 468 2806 15
485 2772 641 2818 populus
658 2783 825 2808 romanus
839 2783 866 2808 Β
883 2775 895 2821 Ι]
912 2777 989 2822 regi
1005 2789 1060 2812 om
1075 2786 1109 2814 N
1122 2779 1134 2824 ss
1155 2782 1196 2814 16
1213 2784 1250 2814 et
1266 2789 1450 2823 erumpere
1465 2785 1523 2811 ΒΝ
1538 2777 1549 2821 Η
1571 2778 1608 2809 17
1619 2775 1702 2809 bru-

170 2827 270 2873 tique
294 2836 320 2862 Β
336 2828 349 2873 [Ι
367 2829 429 2874 qui
451 2828 545 2863 feros
568 2837 594 2862 Β
610 2828 622 2874 ss
644 2830 684 2862 18
709 2840 843 2875 pagoro
864 2832 924 2878 ΝΙΙ
946 2835 986 2867 19
1009 2833 1194 2879 disputant
1215 2843 1249 2869 Ν
1263 2835 1274 2880 ss
1293 2836 1335 2867 20
1360 2844 1426 2867 nec
1442 2840 1467 2865 Β
1484 2831 1495 2875 ss
1513 2830 1634 2875 gladio
1659 2843 1700 2870 32

172 2882 313 2916 claudio
334 2891 359 2917 Β
372 2909 380 2924 ,
401 2895 422 2918 a
438 2884 579 2918 claudio
602 2892 634 2918 N
649 2884 660 2929 ΙΙ
680 2886 722 2918 22
740 2885 797 2920 hic
812 2887 870 2933 Nss
889 2890 930 2922 23
948 2889 1149 2934 parthicum
1165 2895 1201 2924 et
1218 2890 1280 2935 qui
1298 2893 1439 2923 tantum
1456 2891 1572 2920 totum
1588 2893 1613 2919 Β
1630 2886 1642 2930 ss
