2002 3320
261 252 314 291 76
621 266 713 295 1v1,1
735 267 863 295 ηοω
886 267 1082 296 EPrroMA
1099 268 1132 305 1,
1154 264 1198 296 46
1224 255 1315 309 [111,
1341 257 1416 311 12].

263 363 518 417 Pergameni
547 364 658 417 regis
686 364 913 406 hereditas.
957 365 1055 407 illae
1085 381 1184 421 opes
1216 374 1342 422 atque
1375 367 1552 409 diuitiae
1589 369 1789 410 adflixere

262 432 420 474 saeculi
440 447 592 482 mores,
614 447 878 486 mersamque
898 434 1016 475 uitiis
1038 436 1125 477 suis
1146 437 1267 490 quasi
1287 437 1456 478 sentina
1475 452 1564 479 rem
1574 438 1790 492 publicam

260 516 432 556 pessum
449 503 613 542 dedere.
647 503 761 543 unde
782 502 895 543 enim
916 505 1098 556 populus
1115 506 1335 548 Romanus
1356 521 1380 547 a
1399 507 1582 549 tribunis
1604 522 1725 562 agros
1746 514 1789 548 et

262 571 419 612 cibaria
438 571 649 626 flagitaret
668 571 752 612 nisi
771 586 846 625 per
865 572 1021 613 famem
1042 587 1170 626 quam
1194 575 1321 616 luxus
1350 573 1530 617 fecerat?
1560 577 1661 618 hinc
1692 592 1790 632 ergo

263 641 537 682 Gracchanae
565 641 702 695 prima
731 647 774 682 et
803 643 990 682 secunda
1017 650 1060 683 et
1086 642 1162 683 illa
1201 644 1326 684 tertia
1351 646 1591 699 Apuleiana
1619 647 1785 688 seditio.
1820 655 1840 687 5

262 712 377 751 unde
397 710 630 752 iudiciariis
651 711 816 765 legibus
838 710 1034 751 diuulsus
1056 712 1107 752 ab
1130 720 1281 754 senatu
1302 728 1428 767 eques
1458 714 1543 756 nisi
1572 730 1626 755 ex
1654 716 1789 756 auari-

264 779 338 829 tia,
363 787 412 821 ut
433 780 662 835 uectigalia
681 780 742 820 rei
761 779 958 834 publicae
980 787 1106 834 atque
1126 782 1220 836 ipsa
1247 783 1406 824 iudicia
1434 783 1480 823 in
1509 791 1687 837 quaestu
1716 785 1790 826 ha-

261 850 489 890 berentur?
510 849 612 890 hinc
632 851 799 890 Drusus
822 856 864 890 et
883 850 1091 904 promissa
1111 851 1262 893 ciuitas
1278 852 1402 894 Latio
1423 859 1465 893 et
1484 867 1559 906 per
1577 853 1657 894 hoc
1677 868 1793 895 arma
1845 884 1850 887 ι

262 919 485 960 sociorum.
519 919 622 973 quid
650 919 818 960 autem?
848 920 962 961 bella
988 920 1160 962 seruilia
1189 923 1304 963 unde
1333 922 1455 963 nobis
1483 922 1567 963 nisi
1587 937 1641 963 ex
1661 924 1792 964 abun-

262 988 409 1029 dantia
442 988 723 1029 familiarum?
767 989 882 1029 unde
916 990 1158 1043 gladiatorii
1196 993 1422 1032 aduersum
1460 991 1653 1033 dominos
1693 1007 1790 1034 suos
1821 1001 1864 1033 10

263 1057 497 1113 exercitus,
535 1057 619 1098 nisi
646 1059 700 1098 ad
729 1057 1043 1100 conciliandum
1064 1060 1200 1114 plebis
1230 1061 1419 1101 fauorem
1439 1062 1571 1102 effusa
1606 1061 1791 1116 largitio,

263 1128 366 1167 dum
387 1126 639 1181 spectaculis
659 1126 879 1181 indulget,
904 1128 1115 1182 supplicia
1135 1131 1349 1183 quondam
1369 1130 1559 1171 hostium
1580 1137 1713 1171 artem
1732 1131 1793 1171 fa—

263 1195 399 1237 ceret?
415 1196 501 1237 iam
513 1203 561 1236 ut
577 1196 827 1250 speciosiora
842 1197 950 1238 uitia
966 1205 1207 1252 tangamus,
1225 1213 1368 1240 nonne
1384 1199 1567 1240 ambitus
1583 1200 1794 1241 honorum

264 1266 317 1306 ab
338 1265 473 1306 isdem
493 1265 656 1306 diuitiis
677 1266 938 1308 concitatus?
971 1268 1121 1322 atquin
1140 1268 1240 1308 inde
1261 1268 1471 1318 Mariana,
1494 1269 1594 1310 inde
1615 1269 1795 1310 Sullana

264 1342 509 1389 tempestas.
543 1342 618 1376 aut
637 1335 889 1389 magnificus
911 1344 1136 1390 apparatus
1158 1337 1454 1378 conuiuiorum
1474 1345 1516 1379 et
1544 1346 1793 1393 sumptuosa
1822 1347 1864 1379 15

269 1404 437 1459 largitio
457 1420 545 1446 non
566 1405 618 1445 ab
640 1401 858 1458 opulentia
879 1405 1069 1459 paritura
1096 1421 1197 1447 mox
1225 1407 1482 1461 egestatem?
1511 1408 1617 1448 haec
1647 1408 1795 1450 Catili-

269 1488 371 1514 nam
390 1474 550 1527 patriae
572 1489 672 1515 suae
693 1474 871 1529 inpegit.
907 1474 1089 1529 denique
1110 1475 1184 1516 illa
1203 1475 1296 1529 ipsa
1314 1476 1578 1531 principatus
1601 1484 1643 1518 et
1663 1477 1795 1518 domi-

269 1544 402 1584 nandi
436 1544 590 1597 cupido
625 1545 740 1585 unde
774 1544 859 1585 nisi
893 1559 947 1585 ex
980 1544 1124 1586 nimiis
1157 1546 1307 1599 opibus
1335 1546 1483 1587 uenit?
1514 1547 1664 1601 atquin
1692 1547 1798 1587 haec

271 1615 495 1655 Caesarem
525 1620 651 1667 atque
681 1614 934 1667 Pompeium
962 1614 1185 1655 furialibus
1213 1615 1259 1655 in
1294 1615 1473 1656 exitium
1508 1616 1568 1657 rei
1602 1616 1798 1670 publicae

270 1683 433 1724 facibus
464 1683 660 1724 armauit.
702 1683 779 1724 hos
814 1683 946 1737 igitur
974 1684 1111 1724 omnis
1141 1684 1391 1725 domesticos
1419 1691 1561 1726 motus
1583 1691 1795 1739 separatos
1823 1692 1867 1724 20

272 1753 324 1794 ab
345 1753 531 1794 externis
552 1752 759 1806 iustisque
778 1752 902 1793 bellis
924 1767 976 1793 ex
997 1753 1142 1794 ordine
1161 1768 1473 1808 persequemur.

272 1931 294 1963 4
309 1929 399 1963 quu
416 1936 449 1962 N
463 1929 475 1974 H
494 1931 512 1962 5
531 1929 757 1973 Gracchanae
779 1929 906 1974 scripsi
914 1944 925 1963 .·
944 1931 1143 1976 gracchana
1159 1935 1196 1966 et
1210 1940 1246 1974 Β,
1267 1932 1442 1967 eracliana
1457 1936 1494 1966 et
1508 1940 1542 1966 N
1555 1932 1567 1978 ΙΙ
1585 1931 1797 1977 appuleiana

267 1992 293 2019 B
311 1984 321 2030 ΙΙ
348 1987 368 2018 6
386 1984 483 2018 unde
501 1985 567 2018 edd
588 1989 683 2019 uett:
708 1986 792 2020 inde
807 1994 844 2027 B,
864 1998 919 2019 om
934 1994 968 2019 N
979 1986 1092 2030 spatio
1108 1987 1240 2021 maiore
1257 1988 1376 2022 relicto
1394 1989 1409 2035 fl
1424 1993 1462 2022 at
1476 1997 1520 2030 B,
1541 2000 1562 2022 a
1577 1996 1610 2022 N
1623 1987 1635 2033 ΙΙ
1655 1990 1672 2020 7
1690 1987 1796 2021 uicti-

268 2039 364 2085 galia
378 2046 411 2074 N
426 2039 437 2085 ll
455 2035 642 2085 quaestum
658 2049 683 2075 B
701 2041 712 2086 Η
731 2044 750 2075 8
776 2041 860 2075 hinc
876 2053 999 2075 rursus
1023 2050 1057 2074 N
1070 2042 1081 2087 ΙΙ
1104 2044 1143 2076 10
1167 2043 1394 2077 familiarium
1416 2052 1441 2078 B
1459 2044 1470 2088 ΙΙ
1489 2044 1661 2077 aduersus
1674 2050 1707 2076 N
1721 2042 1732 2087 ΙΙ
1753 2044 1791 2078 11

269 2100 307 2130 at
321 2104 346 2130 B
364 2095 375 2141 ΙΙ
397 2098 436 2129 12
454 2108 534 2130 cum
549 2105 583 2131 N
597 2097 607 2142 ΙΙ
626 2101 737 2130 artem
753 2097 885 2130 faceret
900 2096 1046 2140 scripsi.-
1074 2102 1148 2131 arte
1166 2098 1280 2132 fecere
1296 2107 1339 2141 B,
1368 2104 1480 2133 artem
1504 2099 1589 2133 facit
1612 2106 1646 2131 Ν
1659 2098 1670 2143 l}
1692 2100 1732 2131 14
1749 2098 1796 2132 ad

269 2159 295 2186 B
312 2151 323 2196 ΙΙ
345 2153 385 2184 14
400 2151 538 2186 hisdem
554 2160 587 2186 N
601 2152 612 2198 ΙΙ
630 2152 800 2186 incitatus
816 2160 849 2186 N
863 2152 874 2197 ll
893 2152 1029 2197 syllana
1044 2161 1069 2186 B
1087 2153 1097 2198 ΙΙ
1120 2155 1158 2187 16
1176 2154 1420 2199 hopulentiaB
1439 2155 1449 2201 ΙΙ
1469 2154 1664 2188 catillinam
1681 2162 1704 2187 Β
1721 2153 1732 2199 ΙΙ
1754 2156 1794 2188 18

271 2207 376 2241 nimis
393 2216 426 2241 N
440 2207 451 2253 ΙΙ
470 2208 604 2253 adquin
619 2216 653 2242 N
667 2208 678 2254 Η
696 2210 739 2242 20
757 2219 880 2242 omnes
898 2215 924 2242 B
941 2207 952 2253 ΙΙ
971 2210 1009 2242 21
1030 2217 1210 2244 EPYTOMA
1227 2211 1299 2244 1vE
1324 2210 1429 2245 FERI
1452 2219 1503 2244 DE
1526 2219 1613 2245 Trro
1629 2210 1725 2245 Ev1o
1741 2208 1800 2245 ΒΕ

274 2271 314 2297 -1-
333 2264 508 2299 EXPEOET-
527 2264 581 2310 Bu
