2002 3320
332 265 472 302 XVIII
978 271 1240 300 PRAEFATIO.

334 388 386 413 ex
415 377 464 413 N
489 371 563 425 qui
598 377 710 410 recte
745 369 901 424 scripta
927 371 1115 412 seruauit
1144 368 1362 411 emendari
1391 375 1646 424 potuerunt3
1687 367 1747 409 sic
1775 382 1876 422 quo·
1927 372 1931 379 '

335 457 416 496 que
434 448 533 482 ‘non
562 436 699 494 pauca
726 445 889 480 restant
922 440 969 481 in
989 448 1168 494 utroque
1189 446 1263 481 aut
1284 440 1432 481 eodem
1453 445 1528 479 aut
1557 438 1725 480 diuerso
1753 439 1901 481 modo?

336 514 567 564 deprauata
602 522 709 563 quae
749 508 991 550 coniectura
1030 510 1171 550 sanari
1199 511 1370 551 debent.
1423 516 1549 562 atque
1581 523 1679 549 cum
1708 508 1755 548 in
1783 507 1879 549 uni-

336 595 507 622 uersum
527 583 577 620 N
592 579 719 632 longe
738 578 934 631 plurimis
955 579 1060 619 locis
1079 579 1306 620 lectionem
1322 593 1449 633 quam
1464 580 1740 632 deprauatam
1759 577 1880 618 inue-

337 651 403 691 nit
424 657 581 691 temere
602 647 939 702 interpolauerit,
963 647 1008 688 id
1030 649 1143 701 quod
1171 648 1348 702 quaeuis
1374 648 1533 702 pagina
1552 649 1702 689 docere
1721 653 1878 701 potest,

338 728 481 762 tamen
500 734 554 760 ne
575 725 613 760 B
633 718 805 772 quidem
825 718 877 758 ab
898 717 1106 758 eiusmodi
1125 716 1524 771 interpolationibus
1544 717 1651 758 liber
1665 724 1743 758 est.
1769 718 1884 771 quod

339 790 464 831 certis
486 789 741 843 quibusdam
761 788 967 842 exemplis
988 788 1367 828 demonstrandum
1385 786 1576 836 uidetur,
1600 793 1650 827 ut
1669 787 1824 828 codicis
1843 791 1884 827 B

340 860 504 901 indoles
526 866 569 899 et
586 873 692 912 quae
714 857 753 897 ei
781 872 880 898 cum
905 861 956 899 N
979 864 1022 898 et
1052 856 1222 910 utrique
1250 870 1350 897 cum
1379 854 1616 908 antiquiore
1643 856 1718 897 illo
1739 856 1883 898 codice

340 930 446 971 ratio
466 929 700 970 intercedat
721 927 952 968 clarissime
972 926 1266 981 perspiciatur.

452 1001 512 1040 Vt
532 999 644 1039 nihil
664 1000 715 1039 de
745 997 803 1039 eis
824 996 926 1037 locis
950 996 1091 1036 dicam
1110 995 1185 1036 ubi
1205 996 1384 1036 uerbum
1405 994 1577 1049 aliquod
1605 994 1653 1035 in
1672 999 1712 1035 B
1729 993 1792 1035 ita
1811 995 1884 1035 ad-

340 1069 480 1110 ditum
508 1068 771 1123 repperimus
802 1073 851 1107 ut
887 1066 1074 1119 intelligi
1108 1071 1306 1119 nequeat.
1322 1079 1396 1106 cur
1414 1065 1460 1105 id
1494 1065 1656 1105 factum
1685 1064 1741 1105 sit
1763 1088 1812 1097 —
1835 1070 1886 1105 ut

338 1153 367 1192 p
392 1142 458 1188 16,
487 1145 502 1179 1
530 1136 783 1184 Sallentini;
814 1150 843 1189 p
866 1140 936 1184 41,
965 1139 1013 1175 14
1036 1134 1184 1175 classis
1205 1159 1260 1165 —-—
1280 1149 1379 1175 cum
1397 1149 1425 1188 Ρ
1447 1139 1517 1184 41,
1545 1141 1562 1175 1
1586 1141 1698 1175 recte
1717 1135 1886 1188 legatur

340 1209 385 1248 in
406 1213 455 1249 N
466 1205 600 1248 ‘omni
617 1222 701 1261 qua
723 1204 967 1261 lonqz'ssirna
988 1204 1124 1245 Italia
1151 1205 1236 1245 solo
1257 1199 1565 1257 interiacente',
1590 1211 1735 1259 aperta
1753 1204 1884 1246 inter-

339 1278 556 1332 polatione
575 1278 656 1317 hoc
683 1276 729 1316 in
756 1279 825 1316 BI
839 1275 900 1315 ita
920 1283 1167 1329 corruptum
1196 1281 1260 1315 est
1279 1283 1329 1315 ut
1349 1274 1554 1328 scriptum
1572 1274 1628 1315 sit
1643 1271 1777 1315 ‘omni
1801 1288 1886 1328 qua

341 1347 628 1402 lonyissimum
637 1346 738 1401 fuit
755 1345 914 1386 Italiae
932 1345 1018 1385 solo
1040 1339 1347 1385 interiacente’.
1382 1350 1476 1384 tum
1494 1359 1523 1398 Ρ
1545 1349 1614 1394 45,
1639 1347 1690 1384 23
1712 1344 1884 1385 Histro-

340 1432 436 1458 rum
454 1430 555 1465 reX,
587 1430 713 1470 quem
731 1415 1001 1468 Aepulonem
1020 1420 1147 1454 uocat
1168 1414 1320 1455 Liuius
1340 1427 1487 1454 XXXXI
1498 1444 1512 1463 ,
1539 1419 1585 1454 11
1616 1413 1664 1454 in
1682 1418 1733 1455 N
1746 1413 1884 1454 nomi-

339 1494 468 1527 natur
488 1486 628 1539 apulo,
653 1485 767 1538 quod
786 1483 928 1537 ipsum
948 1483 1208 1523 uocabulum
1225 1482 1272 1523 in
1291 1488 1331 1523 B
1351 1497 1376 1523 a
1394 1483 1565 1524 librario
1578 1514 1591 1532 ,
1624 1483 1694 1524 cui
1714 1498 1885 1538 corrup-

340 1563 435 1596 tum
454 1555 693 1603 uidebatur,
717 1559 933 1593 mutatum
953 1559 1017 1593 est
1037 1552 1084 1592 in
1104 1568 1131 1594 a
1142 1553 1317 1606 populo.
1348 1566 1378 1606 p
1392 1557 1459 1602 51,
1478 1555 1526 1592 21
1555 1551 1630 1592 ubi
1651 1552 1885 1594 Corinthus

341 1626 481 1666 deleta
501 1639 592 1666 esse
613 1622 769 1664 dicitur
791 1623 889 1663 tuba
900 1621 1189 1676 praecinente,
1203 1622 1444 1676 antiquitus
1462 1636 1549 1663 uox
1573 1623 1670 1663 tuba
1691 1629 1887 1677 corrupta

323 1700 431 1736 ‘erat
451 1695 498 1735 in
520 1694 657 1735 turba.
697 1692 829 1745 igitur
848 1691 895 1731 in
916 1695 966 1732 N
979 1691 1164 1731 fideliter
1194 1692 1497 1746 transcriptum
1535 1698 1599 1733 est
1620 1692 1743 1733 turba
1754 1706 1885 1746 prae-

340 1765 517 1811 0inente,-
537 1763 650 1816 quod
671 1777 769 1802 cum
788 1762 957 1801 nullum
975 1772 1150 1802 sensum
1159 1761 1313 1802 habere
1335 1762 1652 1816 intellegeretB
1669 1760 1882 1811 librarius,

329 1832 529 1874 'mutauit
550 1833 663 1886 quod
684 1838 795 1871 recte
825 1831 1031 1871 traditum
1052 1837 1142 1871 erat
1172 1838 1214 1871 et
1234 1831 1402 1886 scripsit
1425 1832 1547 1872 turba
1567 1831 1882 1887 praeeinyenbe.

341 1902 536 1944 similiter
556 1916 654 1941 cum
674 1914 702 1954 p
725 1905 793 1950 53,
820 1905 842 1940 3
864 1901 1122 1941 uocabulum
1143 1900 1397 1950 incruentis,
1431 1903 1543 1955 quod
1564 1908 1676 1942 recte
1697 1901 1887 1943 seruauit

340 1977 400 2022 N,
430 1971 626 2012 librarius
654 1970 809 2011 codicis
837 1975 876 2010 B
904 1970 951 2010 in
970 1970 1078 2010 libro
1100 1985 1176 2011 suo
1197 1970 1431 2025 inqruentis
1461 1978 1535 2011 aut
1554 1970 1790 2012 inuenisset
1808 1976 1886 2011 aut

341 2043 481 2096 legere
509 2040 591 2082 sibi
624 2039 743 2080 uisus
774 2046 883 2080 esset
895 2071 908 2089 ,
947 2047 996 2080 ut
1031 2048 1176 2081 tamen
1211 2040 1384 2094 aliquod
1419 2041 1678 2082 uocabulum
1710 2046 1887 2095 poneret

342 2111 510 2164 scripsit
529 2108 832 2165 inqruentibus.
870 2123 898 2162 p
925 2114 1017 2158 100,
1048 2113 1096 2149 18
1118 2108 1165 2149 in
1185 2113 1235 2151 N
1249 2110 1408 2164 legitur
1419 2110 1593 2164 pompei
1608 2111 1778 2160 aedem,
1811 2109 1887 2151 ubi

342 2180 538 2222 librarius
559 2179 737 2220 scribere
757 2179 896 2219 uoluit
916 2180 1112 2227 caedem,·
1144 2180 1218 2220 sed
1238 2184 1277 2219 B
1295 2179 1446 2229 habet,
1470 2181 1583 2234 quod
1601 2179 1740 2234 primo
1768 2193 1886 2234 aspe-

345 2257 418 2290 ctu
435 2249 594 2289 mirum
614 2256 824 2302 quantum
844 2249 989 2299 distat,
1023 2249 1264 2302 pompeium
1293 2263 1445 2304 reqem.
1498 2249 1661 2291 scilicet
1689 2264 1788 2290 cum
1818 2263 1888 2290 ne-

345 2333 453 2367 cem,
478 2319 591 2371 quod
611 2319 714 2359 olim
735 2319 940 2373 scriptum
959 2318 1057 2368 fuit,
1081 2318 1128 2358 in
1138 2333 1275 2373 reyem
1296 2333 1433 2360 errore
1453 2326 1699 2373 corruptum
1718 2310 1885 2369 fuisset,

344 2387 539 2428 librarius
561 2388 691 2428 etiam
701 2389 875 2442 pompei
891 2388 1079 2429 mutauit
1094 2388 1140 2428 in
1150 2388 1407 2442 pompeium,
1433 2389 1544 2442 quod
1560 2403 1659 2429 cum
1677 2388 1888 2430 uocabulo

345 2471 482 2511 reqem
511 2457 859 2512 coniungendum
886 2458 1071 2512 putauit.
1118 2458 1235 2499 haud
1268 2459 1456 2499 multum
1483 2458 1651 2499 diuersa
1676 2457 1841 2499 ratione
1858 2470 1888 2511 p

353 2529 447 2575 106,
472 2530 494 2565 9
524 2526 683 2580 furtiS,
718 2528 831 2580 quod
850 2534 964 2569 recte
993 2527 1200 2582 scriptum
1220 2535 1285 2570 est
1304 2528 1352 2568 in
1379 2532 1440 2578 N,
1469 2542 1569 2569 cum
1587 2533 1626 2569 B
1644 2532 1890 2581 corruptum

346 2595 582 2637 inuenisset
601 2595 648 2635 in
665 2596 819 2650 fortis,
843 2603 892 2637 ut
913 2597 1098 2651 aliquem
1119 2612 1292 2639 sensum
1312 2598 1484 2639 eliceret
1503 2596 1671 2652 scripsit
1689 2595 1887 2651 uin'for-

348 2665 415 2706 tis.
463 2665 646 2719 denique
666 2680 695 2718 p
719 2668 786 2715 32,
813 2670 834 2705 4
859 2669 972 2720 quod
992 2674 1104 2709 recte
1124 2667 1171 2708 in
1200 2672 1250 2709 N
1270 2668 1429 2723 legitur
1455 2667 1517 2709 sio
1541 2680 1701 2722 quoque
1731 2678 1889 2720 maqna

339 2735 531 2789 praeda,
572 2734 617 2775 id
645 2734 692 2774 in
718 2740 757 2775 B
780 2734 841 2776 ita
871 2735 1175 2790 interpolatum
1205 2744 1270 2779 est
1295 2737 1358 2780 sic
1383 2751 1543 2793 quoque
1567 2750 1746 2791 maynas
1757 2750 1886 2790 prae-

346 2805 425 2846 das
445 2804 542 2860 eyit.

459 2873 543 2915 His
564 2873 667 2915 locis
696 2874 849 2929 igitur,
889 2874 1043 2928 quibus
1074 2880 1111 2916 B
1139 2875 1509 2930 interpolationem
1537 2873 1702 2929 prodit,
1739 2877 1790 2915 N
1815 2879 1891 2915 aut

342 2957 492 2984 uerum
513 2950 587 2985 aut
606 2944 696 2985 ueri
715 2943 898 2998 uestigia
919 2945 1106 2986 seruauit
1117 2962 1129 2994 3
1165 2947 1238 2987 sed
1256 2946 1393 2987 multo
1408 2944 1600 2999 pluribus
1621 2942 1891 2998 interpolatio
