2002 3320
330 232 410 272 112
972 244 1062 273 tvm
1082 244 1212 274 ηοω

327 343 609 390 desciuerant,
632 341 769 394 capite
791 341 914 394 Syria
933 342 1025 383 sine
1043 344 1156 385 bello
1174 350 1356 398 recepta.
1391 343 1451 384 sic
1480 343 1750 386 Crassianam
1769 345 1852 387 cla-

329 413 426 452 dem
447 410 597 452 Pacori
618 411 744 451 caede
763 410 1053 464 pensauimus.

483 597 591 637 XX.
625 597 870 638 BELLVM
893 597 1254 639 PARTHICVM
1277 597 1386 639 SVB
1407 598 1697 642 ANTONIO.

152 745 242 782 1111,
265 732 315 771 10
332 730 531 784 Expertis
551 730 738 770 inuicem
760 730 929 771 Parthis
951 737 1076 784 atque
1107 730 1338 780 Romanis,
1376 745 1475 771 cum
1502 731 1678 773 Crassus
1707 739 1750 773 et
1771 734 1851 774 Pa-

330 815 451 841 corus
486 799 700 852 utrimque
735 799 893 839 uirium
926 807 1173 840 mutuarum
1212 801 1467 840 documenta
1500 800 1722 850 fecissent,
1762 801 1853 855 pari
1884 809 1903 840 5

328 884 474 910 rursus
494 868 731 909 reuerentia
751 868 961 922 integrata
991 868 1201 918 amicitia,
1234 876 1276 909 et
1303 869 1475 922 quidem
1505 870 1558 910 ab
1585 869 1678 923 ipso
1707 870 1854 910 foedus

329 938 517 979 Antonio
539 952 636 978 cum
655 952 751 991 rege
771 952 1029 991 percussum.
1062 939 1135 978 sed
1167 962 1218 967 —
1246 937 1440 978 inmensa
1469 938 1637 979 uanitas
1666 938 1852 980 hominis

331 1032 384 1038 --
401 1008 503 1047 dum
522 1007 741 1047 titulorum
763 1007 961 1061 cupidine
982 1009 1153 1065 Araxen
1173 1013 1214 1047 et
1235 1007 1483 1060 Euphraten
1502 1007 1579 1047 sub
1595 1007 1851 1061 imaginibus

326 1076 415 1117 suis
435 1076 520 1130 legi
540 1076 799 1130 concupiscit
813 1108 825 1126 ,
848 1091 984 1130 neque
1005 1090 1132 1116 causa
1151 1091 1288 1129 neque
1309 1076 1485 1116 consilio
1505 1090 1553 1116 ac
1572 1090 1626 1117 ne
1646 1076 1852 1130 imagina-

327 1145 390 1186 ria
410 1145 581 1198 quidem
600 1145 703 1185 belli
722 1145 970 1192 indictione,
995 1144 1114 1197 quasi
1133 1144 1213 1184 hoc
1234 1159 1398 1198 quoque
1419 1158 1473 1185 ex
1493 1151 1580 1185 arte
1601 1145 1720 1185 ducis
1740 1151 1851 1186 esset
1880 1152 1922 1184 10
1956 1135 1957 1138 Ἴ

327 1216 524 1268 obrepere
537 1246 549 1264 ,
585 1213 731 1255 relicta
750 1219 921 1268 repente
942 1213 1065 1267 Syria
1083 1212 1129 1253 in
1150 1213 1330 1254 Parthos
1356 1214 1566 1266 impetum
1591 1213 1707 1254 facit.
1725 1226 1731 1230 ·
1747 1229 1852 1268 gens

320 1289 492 1339 *praeter
525 1297 736 1323 armorum
762 1282 964 1323 fiduciam
993 1281 1145 1322 callida
1171 1274 1344 1322 simulat
1378 1281 1703 1335 trepidationem
1733 1290 1775 1324 et
1804 1283 1852 1324 in

327 1366 496 1405 campos
517 1351 678 1404 fugam.
722 1357 763 1391 et
783 1351 853 1391 hic
874 1350 1019 1391 statim
1040 1350 1159 1404 quasi
1189 1350 1325 1391 uictor
1353 1351 1626 1408 sequebatur,
1658 1366 1757 1392 cum
1784 1367 1852 1393 su-

325 1421 415 1461 bito
430 1435 509 1460 nec
529 1435 683 1474 magna
704 1420 893 1460 hostium
911 1434 1064 1460 manus
1085 1433 1138 1459 ex
1157 1419 1373 1472 inprouiso
1394 1426 1437 1460 et
1458 1419 1544 1460 iam
1563 1419 1610 1460 in
1629 1420 1760 1462 fessos
1779 1420 1852 1461 uia

328 1490 406 1529 sub
426 1502 600 1541 uespere
621 1490 740 1530 uelut
768 1489 939 1530 nimbus
967 1488 1120 1542 erupit.
1165 1488 1305 1529 missis
1333 1489 1521 1543 undique
1550 1489 1716 1543 sagittis
1746 1491 1850 1532 duas
1878 1498 1920 1531 15

324 1558 512 1612 legiones
547 1566 816 1611 operuerunt.
863 1559 973 1598 nihil
1008 1558 1216 1598 acciderat
1242 1557 1289 1597 in
1317 1558 1675 1611 comparationem
1700 1559 1847 1609 cladis,

325 1642 431 1681 quae
451 1627 498 1667 in
518 1634 733 1681 posterum
753 1627 866 1668 diem
885 1627 1135 1668 imminebat
1150 1658 1163 1676 ,
1195 1626 1280 1667 nisi
1307 1626 1605 1669 interuenisset
1626 1629 1752 1669 deum
1770 1629 1849 1670 mi-

323 1697 491 1737 seratio.
525 1711 636 1737 unus
657 1711 710 1736 ex
729 1697 847 1737 clade
869 1696 1093 1738 Crassiana
1120 1695 1319 1736 Parthico
1340 1695 1491 1736 habitu
1511 1696 1656 1737 castris
1677 1697 1848 1751 adequi-

323 1772 386 1806 tat
406 1771 449 1806 et
470 1766 605 1806 salute
621 1765 774 1806 Latine
795 1767 917 1818 data,
941 1780 1039 1806 cum
1058 1766 1187 1805 fidem
1206 1764 1298 1818 ipso
1320 1778 1511 1806 sermone
1530 1765 1722 1815 fecisset,
1746 1767 1850 1820 quid

322 1835 563 1874 immineret
585 1835 774 1875 edocuit:
809 1835 895 1875 iam
926 1835 1172 1875 adfuturum
1199 1848 1297 1874 cum
1317 1833 1514 1875 omnibus
1534 1834 1666 1889 copiis
1685 1849 1843 1890 regem,
1873 1843 1917 1876 20

321 1903 434 1943 irent
453 1910 562 1943 retro
584 1911 857 1958 peterentque
873 1911 1063 1952 montes3
1102 1903 1160 1944 sic
1189 1917 1354 1957 quoque
1382 1903 1548 1944 hostem
1567 1904 1741 1946 fortasse
1760 1919 1849 1946 non

321 1972 476 2012 defore.
506 1979 633 2026 atque
650 1973 710 2013 ita
727 1980 870 2014 secuta
891 1978 954 2012 est
973 1971 1112 2012 minor
1130 1972 1197 2013 uis
1217 1972 1405 2013 hostium
1424 1987 1552 2026 quam
1572 1973 1823 2015 imminebat
1830 1989 1843 2023 ς

320 2040 456 2081 adfuit
483 2047 640 2081 tamen.
682 2042 843 2081 deletae
872 2040 1057 2092 reliquae
1087 2041 1231 2093 copiae
1260 2041 1421 2089 forent,
1451 2041 1537 2081 nisi
1566 2042 1846 2095 urguentibus

319 2110 415 2150 telis
435 2110 481 2149 in
501 2111 675 2150 modum
695 2109 912 2163 grandinis
934 2109 1107 2162 quidam
1127 2109 1231 2148 forte
1249 2108 1369 2161 quasi
1389 2109 1503 2149 docti
1521 2110 1843 2163 procubuissent

318 2179 364 2219 in
385 2193 526 2232 genua
545 2179 701 2219 milites
716 2210 728 2228 ‚
762 2185 803 2218 et
823 2178 943 2218 elatis
965 2192 1090 2230 supra
1110 2177 1251 2230 capita
1271 2177 1400 2218 scutis
1422 2192 1638 2218 caesorum
1659 2179 1842 2232 speciem
1868 2188 1912 2220 25

318 2248 624 2301 praebuissent.
659 2255 760 2287 tunc
783 2247 966 2287 Parthus
988 2261 1106 2286 arcus
1138 2245 1339 2286 inhibuit.
1374 2247 1475 2286 dein
1503 2261 1645 2288 rursus
1673 2261 1772 2290 cum
1799 2263 1844 2290 se

320 2317 507 2357 Romani
529 2317 780 2357 extulissent
793 2347 805 2365 ,
837 2317 941 2356 adeo
961 2330 1026 2356 res
1047 2315 1250 2355 miraculo
1270 2315 1351 2355 fuit
1371 2322 1420 2356 ut
1439 2330 1526 2356 non
1545 2330 1657 2357 unus
1678 2331 1731 2357 ex
1749 2318 1843 2358 bar-

319 2385 431 2426 baris
465 2385 626 2426 miserit
660 2399 808 2425 uocem
839 2381 915 2424 ‘ite
951 2391 992 2424 et
1024 2385 1133 2424 bene
1162 2385 1301 2424 ualete
1335 2384 1542 2425 Romani!
1583 2384 1732 2426 merito
1766 2400 1843 2427 uos

319 2453 498 2495 uictores
534 2455 646 2494 fama
675 2454 868 2507 gentium
899 2453 1085 2506 loquitur
1095 2484 1107 2502 ,
1146 2452 1218 2506 qui
1247 2453 1503 2494 Parthorum
1532 2453 1616 2494 tela
1641 2450 1840 2508 fugistis.'

320 2678 334 2709 1
356 2675 573 2721 grassianam
590 2683 615 2709 B
632 2675 643 2720 ΙΙ
663 2677 681 2708 2
699 2674 911 2719 pagoriaede
927 2683 959 2709 Ν
974 2675 985 2722 ΙΙ
1003 2678 1022 2709 3
1041 2685 1260 2712 PARTKICVM
1277 2686 1309 2712 N
1324 2678 1335 2723 Η
1354 2679 1373 2711 4
1391 2687 1545 2723 pagorus
1561 2682 1619 2709 BN
1633 2674 1645 2720 ΙΙ
1663 2677 1683 2709 6
1699 2675 1841 2721 ingrata

316 2740 340 2766 B
358 2731 369 2777 H
388 2734 408 2765 9
425 2742 516 2776 agne
531 2738 565 2764 Ν
578 2731 589 2775 ss
611 2733 650 2764 12
669 2730 821 2763 simulad
836 2739 861 2764 Β
878 2732 888 2775 ΙΙ
910 2733 950 2764 13
969 2735 1004 2764 et
1028 2743 1081 2765 om
1098 2741 1129 2767 N
1145 2734 1156 2778 ss
1177 2735 1216 2766 14
1235 2733 1271 2767 in
1289 2739 1384 2767 om'B
1402 2734 1413 2778 ΙΙ
1434 2735 1474 2766 15
1491 2736 1527 2765 et
1550 2731 1667 2764 missis
1682 2739 1714 2764 Ν
1729 2730 1740 2775 ss
1759 2743 1841 2767 suas

314 2796 339 2821 Β
358 2788 368 2833 ΙΙ
390 2790 430 2822 16
448 2787 575 2832 gladiis
592 2795 623 2821 Ν
638 2787 649 2833 Η
670 2789 708 2820 17
728 2785 906 2819 eminebat
921 2793 946 2818 Β
963 2786 974 2829 ΙΙ
997 2788 1035 2820 19
1062 2799 1222 2822 sermone
1245 2801 1299 2822 om
1315 2797 1348 2823 Ν
1362 2789 1373 2835 ΙΙ
1392 2790 1430 2822 21
1458 2786 1590 2820 montis
1617 2786 1636 2819 b
1654 2787 1664 2831 ΙΙ
1684 2789 1726 2820 23
1744 2787 1838 2822 dele·

314 2849 442 2888 taeque
458 2851 491 2877 Ν
505 2844 515 2887 ΙΙ
534 2842 743 2887 urgentibus
759 2849 784 2876 B
802 2841 812 2886 l}
832 2843 873 2874 24
898 2842 1042 2885 quidem
1067 2842 1104 2883 b,
1132 2843 1284 2887 quadam
1309 2850 1342 2877 N
1355 2843 1366 2888 Η
1386 2845 1427 2877 25
1452 2853 1558 2887 super
1574 2849 1606 2875 Ν
1620 2842 1631 2886 ΙΙ
1649 2842 1766 2886 speeie
1781 2850 1807 2876 Β
1824 2843 1835 2888 ΙΙ

314 2901 356 2933 26
383 2904 459 2932 tum
476 2907 507 2933 N
523 2899 533 2943 Η
552 2902 674 2943 partus
690 2905 714 2930 B
732 2896 742 2942 Η
761 2899 802 2931 27
821 2908 893 2930 non
909 2909 964 2930 om
980 2905 1013 2930 N
1027 2897 1038 2941 ΙΙ
