2002 3320
116 602 163 639 11,
188 590 237 629 19

107 2221 157 2255 11,
179 2207 232 2246 20

257 201 309 239 56
895 216 988 245 1vn1
1010 216 1138 246 From

255 325 453 365 oppressa
472 311 623 352 ciuitas
643 313 813 353 nullum
834 314 886 354 de
906 329 950 355 se
969 315 1175 369 gaudium
1194 315 1307 357 hosti
1326 316 1514 370 reliquit.
1532 331 1645 358 unus
1666 318 1781 359 enim

255 380 322 421 uir
342 381 636 422 Numantinus
656 396 744 421 non
764 381 847 423 fuit
884 383 957 437 qui
986 383 1031 424 in
1062 384 1222 425 catenis
1243 386 1487 435 duceretur3
1519 388 1700 440 praeda,
1732 394 1782 428 ut

256 451 306 490 de
335 449 589 503 pauperibus
602 481 614 499 ,
645 451 787 491 nulla:
828 444 943 492 arma
972 451 1054 505 ipsi
1083 461 1393 495 cremauerunt.
1427 455 1668 510 triumphus
1697 456 1780 497 fuit

256 525 424 559 tantum
445 520 497 559 de
517 519 705 560 nomine.

370 589 593 629 Hactenus
613 591 796 643 populus
813 591 1038 632 Romanus
1068 593 1245 646 pulcher
1274 595 1466 649 egregius
1486 595 1582 649 pius
1603 602 1772 637 sanctus
1802 603 1822 635 5

253 658 388 711 adque
418 657 670 711 magnificus
684 690 696 708 ,
739 659 902 713 reliqua
929 661 1112 710 saeculi,
1145 669 1194 702 ut
1223 663 1402 716 grandia
1430 679 1586 718 aeque,
1618 665 1679 706 ita
1707 665 1781 705 uel

251 726 386 781 magis
403 727 573 767 turbida
594 734 636 768 et
655 728 778 769 foeda
791 760 804 778 ,
836 730 1119 775 crescentibus
1148 745 1246 772 cum
1275 731 1367 786 ipsa
1386 733 1681 787 magnitudine
1700 733 1777 779 im-

250 795 356 850 perii
388 796 532 845 uitiis;
576 798 680 838 adeo
709 805 783 847 ut,
821 799 858 839 si
887 800 981 853 quis
1008 800 1119 841 hanc
1139 800 1309 842 tertiam
1329 801 1420 843 eius
1441 809 1623 843 aetatem
1643 809 1777 843 trans-

252 864 459 905 marinam
472 897 484 914 ,
509 880 636 919 quam
657 868 937 909 ducentorum
958 884 1168 910 annorum
1186 870 1380 920 fecimus,
1404 871 1583 920 diuidat,
1607 878 1779 912 centum

252 935 330 975 hos
360 934 541 988 priores,
581 936 735 989 quibus
771 937 960 978 Africam
990 939 1288 980 Macedoniam
1318 940 1484 994 Syriam
1519 940 1779 994 Hispaniam
1808 949 1849 981 10

253 1003 443 1053 domuit,
473 1018 644 1054 aureos,
675 1005 786 1046 sicut
805 1010 953 1060 poetae
981 1014 1163 1057 canunt,
1197 1008 1287 1049 iure
1318 1009 1551 1062 meritoque
1578 1009 1777 1060 fateatur,

254 1079 426 1113 centum
447 1080 670 1127 sequentes
686 1075 840 1116 ferreos
855 1076 982 1130 plane
999 1084 1041 1116 et
1058 1084 1269 1127 cruentos,
1293 1085 1335 1119 et
1356 1078 1391 1119 si
1407 1078 1511 1131 quid
1530 1078 1774 1119 immanius.

253 1141 409 1196 quippe
438 1142 511 1195 qui
542 1143 810 1197 Iugurthinis
832 1145 1056 1187 Cimbricis
1077 1139 1380 1188 Mithridaticis
1400 1147 1588 1201 piraticis
1609 1147 1777 1188 Parthi-

252 1212 311 1252 cis
331 1212 479 1261 bellis,
503 1212 680 1254 Gallicis
703 1220 830 1267 atque
851 1214 1116 1256 Germanicis
1132 1247 1145 1264 ,
1169 1216 1321 1269 quibus
1343 1217 1508 1257 caelum
1527 1217 1669 1270 ipsum
1688 1216 1777 1270 glo-

250 1281 313 1321 ria
333 1282 547 1331 ascendit,
586 1282 857 1324 Gracchanas
877 1283 1196 1338 Drusianasque
1217 1286 1389 1334 caedes,
1427 1287 1480 1326 ad
1506 1286 1587 1326 hoc
1607 1285 1779 1326 seruilia
1806 1293 1848 1325 15

250 1350 362 1390 bella
381 1350 630 1391 miscuerint
651 1358 693 1391 et
706 1383 719 1400 ,
742 1367 796 1392 ne
817 1352 919 1405 quid
939 1353 1198 1406 turpitudini
1217 1354 1341 1403 desit,
1363 1354 1626 1408 gladiatoria.
1660 1354 1777 1395 deni-

252 1434 332 1473 que
360 1419 405 1459 in
441 1434 485 1460 se
519 1419 610 1473 ipse
645 1434 875 1462 conuersus
903 1421 1110 1463 Marianis
1139 1429 1266 1477 atque
1296 1423 1508 1472 Sullanis,
1546 1423 1778 1465 nouissime

252 1489 431 1546 Pompei
452 1495 494 1529 et
515 1489 706 1531 Caesaris
726 1490 941 1540 manibus,
965 1491 1086 1544 quasi
1105 1506 1179 1545 per
1198 1491 1359 1532 rabiem
1379 1499 1421 1532 et
1440 1492 1626 1533 furorem
1640 1507 1778 1534 —ne-

250 1558 313 1599 fas
332 1584 382 1588 -
406 1565 538 1599 semet
558 1559 648 1612 ipse
667 1559 885 1600 lacerauit.
930 1575 1037 1613 quae
1054 1560 1134 1601 etsi
1154 1561 1300 1602 iuncta
1319 1562 1430 1603 inter
1451 1576 1494 1603 se
1516 1569 1617 1603 sunt
1637 1562 1780 1603 omnia

251 1634 376 1682 atque
399 1629 597 1677 confusa,
620 1636 763 1669 tamen
784 1644 867 1683 quo
887 1629 1039 1671 melius
1060 1638 1314 1684 appareant,
1338 1631 1466 1672 simul
1486 1638 1528 1672 et
1547 1646 1602 1672 ne
1622 1632 1780 1690 scelera
1806 1639 1850 1671 20

251 1697 483 1738 uirtutibus
506 1698 777 1751 obstrepant,
801 1698 1028 1752 separatim
1047 1700 1336 1753 proferentur,
1369 1700 1594 1754 priusque,
1617 1707 1666 1742 ut
1686 1715 1778 1741 coe-

249 1766 406 1819 pimus,
429 1766 542 1807 iusta
562 1767 637 1808 illa
657 1774 698 1808 et
718 1767 789 1821 pia
808 1782 907 1808 cum
923 1768 1076 1809 exteris
1092 1769 1291 1823 gentibus
1306 1771 1420 1812 bella
1433 1770 1777 1820 memorabimus,

250 1842 299 1876 ut
319 1836 570 1890 magnitudo
599 1836 823 1878 crescentis
853 1837 899 1878 in
929 1837 1018 1879 dies
1048 1838 1214 1892 imperii
1245 1846 1467 1894 appareat,
1500 1846 1594 1895 tum
1621 1840 1675 1882 ad
1703 1838 1780 1881 illa

251 1905 412 1946 ciuium
434 1906 590 1946 scelera
610 1912 837 1961 turpesque
858 1913 901 1948 et
921 1906 1072 1961 impias
1093 1922 1258 1962 pugnas
1278 1899 1562 1951 reuertemur(

561 2076 818 2116 XXXIIII.
852 2077 1096 2118 BELLVM
1117 2078 1466 2120 ASIATICVM.
1808 2087 1851 2119 25

249 2209 376 2251 Victa
396 2211 449 2250 ad
470 2223 666 2250 occasum
686 2208 900 2263 Hispania
926 2211 1108 2264 populus
1138 2213 1358 2253 Romanus
1389 2213 1442 2252 ad
1472 2211 1678 2252 orientem
1705 2227 1777 2266 pa-

249 2293 341 2318 cem
362 2279 529 2332 agebat,
553 2293 632 2319 nec
652 2293 801 2332 pacem
820 2280 962 2328 modo,
982 2281 1056 2320 sed.
1075 2280 1281 2322 inusitata
1300 2288 1343 2322 et
1362 2281 1581 2335 incognita
1596 2282 1779 2334 quadam

249 2347 450 2388 felicitate
471 2348 642 2389 relictae
662 2348 789 2402 regiis
809 2349 1116 2390 hereditatibus
1138 2364 1237 2403 opes
1259 2356 1301 2391 et
1332 2357 1421 2391 tota
1450 2350 1628 2391 insemel
1648 2364 1780 2405 regna

250 2416 494 2457 ueniebant.
542 2418 715 2458 Attalus
744 2431 819 2457 rex
851 2419 1233 2471 Pergamenorum,
1271 2419 1381 2473 regis
1410 2419 1615 2460 Eumenis
1646 2419 1778 2468 filius,

251 2551 263 2581 1
286 2548 386 2582 nullo
402 2556 427 2583 Β
445 2548 456 2593 Η
474 2550 494 2581 4
512 2553 634 2582 tantus
650 2557 675 2582 B
693 2550 703 2594 ΙΙ
723 2553 741 2583 5
760 2551 954 2586 haectenus
977 2560 1002 2586 B
1020 2552 1030 2596 ΙΙ
1049 2551 1130 2596 pius
1153 2559 1203 2585 N:
1237 2552 1319 2596 plus
1344 2559 1369 2585 Β
1386 2552 1397 2597 ΙΙ
1417 2554 1437 2586 6
1460 2550 1701 2596 grandiaeque
1723 2557 1749 2583 B
1765 2550 1777 2595 ss

252 2606 291 2638 10
310 2603 448 2650 Syriam
463 2604 610 2648 scripsi:
636 2605 785 2639 siciliam
802 2615 848 2648 N,
868 2619 923 2641 om
938 2616 963 2641 Β
981 2608 992 2653 ΙΙ
1011 2607 1224 2652 Hispaniam
1241 2619 1296 2641 om
1311 2615 1337 2641 Β
1354 2608 1365 2653 ΙΙ
1387 2609 1426 2641 12
1452 2606 1532 2652 quit
1549 2606 1568 2640 b
1586 2606 1597 2652 ΙΙ
1619 2607 1658 2639 13
1684 2605 1777 2650 pira-

247 2660 327 2694 ticis
337 2663 422 2704 post
436 2660 612 2694 Parthicis
627 2668 663 2701 Β,
682 2673 737 2694 om
752 2670 785 2694 N
800 2662 810 2706 ΙΙ
834 2665 871 2695 15
890 2667 927 2696 at
942 2663 1011 2697 hoe
1028 2671 1059 2697 N
1074 2663 1085 2708 ΙΙ
1107 2665 1147 2697 16
1165 2662 1349 2697 miscuerit
1361 2671 1386 2697 Β
1404 2663 1414 2708 ΙΙ
1433 2662 1512 2707 quit
1520 2669 1579 2696 ΒΝ
1593 2661 1603 2706 ΙΙ
1622 2661 1775 2706 turpitu-

249 2715 331 2750 dine
350 2716 370 2749 b
396 2715 407 2760 ΙΙ
438 2717 476 2748 17
503 2715 639 2750 sillanis
662 2724 710 2757 Β,
741 2717 886 2762 syllanis
911 2726 944 2751 Ν
966 2719 976 2763 ΙΙ
1006 2721 1046 2752 18
1069 2719 1224 2753 furorem
1250 2723 1286 2752 et
1317 2718 1417 2752 nefas
1441 2725 1474 2752 N
1494 2717 1505 2762 ΙΙ
1526 2717 1566 2750 19
1590 2727 1681 2761 quae
1709 2717 1776 2750 etsi

249 2784 292 2812 ς.·
311 2771 413 2817 quasi
428 2779 464 2813 Β,
485 2783 576 2816 quae
596 2771 626 2806 si
641 2780 674 2806 N
688 2771 699 2817 ll
717 2772 963 2817 interpediunt
979 2774 1098 2807 omnia
1114 2782 1139 2807 Β
1159 2773 1169 2818 ΙΙ
1188 2775 1226 2806 21
1249 2773 1474 2818 proferentur
1491 2784 1536 2812 g.-
1554 2771 1778 2816 perferentur

245 2828 328 2872 ΒΝΗ
347 2829 389 2861 25
408 2836 514 2862 xxxv
528 2836 554 2863 B
572 2827 582 2872 ΙΙ
601 2836 812 2862 ΑΒΥΑΤῙονΜ
829 2836 854 2862 Β
871 2828 882 2873 ΙΙ
902 2831 945 2862 26
953 2829 1020 2862 hoc
1032 2840 1151 2862 casum
1169 2838 1194 2862 B
1212 2831 1222 2873 Η
1241 2828 1421 2875 hisspania
1435 2836 1460 2862 B
1478 2827 1489 2872 ΙΙ
1508 2829 1550 2861 28
1559 2827 1700 2862 relictas
1717 2836 1742 2862 B
1759 2828 1770 2872 ΙΙ

246 2883 481 2917 ereditatibus
504 2891 529 2916 Β
547 2884 557 2929 ΙΙ
576 2883 727 2918 insemet
741 2892 766 2918 B
784 2884 795 2928 Η
