2002 3320
642 238 838 267 arn-om
860 237 894 273 1,
919 231 1063 264 18-—20
1087 223 1157 279 [11,
1181 223 1316 278 2—4].
1691 226 1743 266 33

152 341 186 380 I
209 347 320 381 rates
342 346 480 380 totum
501 337 614 378 inter
634 336 826 379 Siciliam
854 335 1181 390 Sardiniamque
1208 336 1386 390 pelagus
1414 336 1638 391 naufragio
1667 351 1744 378 suo

205 414 477 464 operuerunt.
514 414 636 448 tanta
656 407 840 462 denique
860 406 944 448 fuit
972 406 1048 447 illa
1067 404 1275 455 uictoria,
1313 412 1362 446 ut
1392 406 1445 446 de
1466 406 1743 448 excindendis

205 479 394 521 hostium
413 476 638 518 moenibus
658 492 746 518 non
774 483 1060 532 quaereretur.
1099 488 1413 528 superuacuum
1442 475 1585 517 uisum
1615 484 1678 518 est
1699 477 1745 517 in

138 549 341 605 [Ijarcem
356 561 585 601 murosque
602 546 781 596 saeuire,
801 561 900 587 cum
920 546 1007 587 iam
1022 545 1068 586 in
1083 544 1191 586 mari
1205 551 1315 585 esset
1332 544 1473 585 deleta
1483 542 1740 600 Carthago?

155 705 174 735 5
536 694 742 735 XVIIII.
777 694 1023 734 BELLVM
1045 691 1408 734 LIGVRICVM.

207 809 385 848 Peracto
409 806 575 847 Punico
595 805 708 846 bello
729 811 875 846 secuta
895 812 959 846 est
978 805 1120 846 breuis
1141 820 1243 847 sane
1274 805 1395 860 quasi
1417 806 1471 845 ad
1490 819 1741 859 recuperan-
1764 815 1816 850 11,
1833 802 1858 841 3

209 878 314 918 dum
335 876 533 930 spiritum
552 875 743 930 requies,
767 882 1154 930 argumentumque
1180 875 1297 930 pacis
1329 883 1371 934 et
1400 876 1515 916 bona
1544 876 1628 916 fide
1659 889 1746 916 ces-

209 946 398 987 santium
418 960 631 987 armorum
651 953 746 986 tum
765 946 953 1000 primum
979 952 1076 1000 post
1104 946 1295 987 Numam
1325 946 1471 987 clausa
1498 953 1621 1000 porta
1650 944 1747 986 Iani

207 1017 291 1058 fuit
302 1033 315 1066 3
349 1016 550 1070 deinceps
570 1015 717 1056 statim
737 1029 786 1056 ac
807 1015 899 1056 sine
918 1029 1038 1056 mora
1055 1015 1212 1069 patuit.
1247 1015 1405 1070 quippe
1433 1015 1520 1056 iam
1549 1015 1744 1069 Ligures,

139 1096 181 1128 10
207 1087 294 1127 iam
314 1086 517 1127 Insubres
538 1084 682 1134 Galli,
706 1099 786 1126 nec
806 1099 895 1126 non
915 1091 959 1125 et
979 1083 1119 1138 Illyrii
1140 1084 1423 1135 lacessebant,
1447 1085 1554 1126 sitae
1572 1086 1651 1126 sub
1671 1085 1747 1126 Al-

208 1156 335 1211 pibus
354 1155 398 1196 id
419 1162 484 1196 est
503 1155 584 1196 sub
604 1153 708 1208 ipsis
730 1154 883 1196 Italiae
902 1154 1099 1196 faucibus
1119 1162 1294 1209 gentes,
1327 1157 1407 1196 deo
1437 1156 1622 1210 quodam
1642 1154 1748 1195 inci-

207 1233 326 1267 tante
355 1225 558 1275 adsidue,
589 1239 644 1265 ne
672 1224 917 1278 robiginem
946 1239 995 1265 ac
1024 1224 1156 1266 situm
1185 1225 1348 1266 scilicet
1377 1240 1494 1267 arma
1523 1225 1745 1266 sentirent.

206 1295 390 1349 denique
410 1294 580 1349 utrique
601 1294 807 1335 cotidiani
828 1302 871 1335 et
893 1294 1015 1348 quasi
1045 1294 1268 1336 domestici
1288 1295 1432 1337 hostes
1452 1295 1650 1337 tirocinia
1669 1294 1749 1335 mi·

206 1366 335 1407 litum
354 1365 599 1415 inbuerant,
621 1379 701 1406 nec
721 1364 845 1405 aliter
864 1371 1044 1418 utraque
1072 1371 1201 1418 gente
1231 1379 1361 1419 quam
1390 1365 1512 1420 quasi
1532 1372 1626 1406 cote
1648 1379 1749 1419 qua-

139 1445 181 1476 15
208 1437 307 1477 dam
326 1435 511 1489 populus
531 1435 757 1478 Romanus
777 1434 937 1475 ferrum
956 1448 1057 1474 suae
1078 1434 1252 1476 uirtutis
1273 1436 1466 1476 acuebat.

157 1506 190 1546 I
327 1501 352 1517 ”
362 1504 542 1558 Ligures
557 1535 570 1553 ,
606 1502 704 1544 imis
734 1502 915 1557 Alpium
943 1503 1056 1557 iugis
1085 1505 1356 1546 adhaerentis
1386 1505 1500 1546 inter
1519 1506 1684 1547 Varum
1705 1513 1748 1546 et

210 1576 408 1629 Magram
422 1574 586 1614 flumen
602 1565 904 1627 inplicitosque
920 1574 1061 1615 dumis
1078 1573 1362 1625 siluestribus,
1380 1575 1515 1616 maior
1530 1575 1752 1630 aliquanto

209 1645 329 1686 labor
348 1651 438 1685 erat
458 1643 654 1684 inuenire
675 1657 804 1698 quam
825 1643 1013 1684 uincere.
1048 1644 1130 1685 tuti
1153 1645 1258 1686 locis
1279 1651 1322 1686 et
1342 1645 1445 1699 fuga
1457 1677 1469 1694 ‚
1502 1647 1659 1686 durum
1679 1647 1751 1686 ad-

209 1729 292 1768 que
312 1714 440 1755 uelox
459 1727 612 1768 genus,
636 1727 690 1754 ex
709 1713 928 1754 occasione
948 1713 1173 1755 latrocinia
1191 1715 1328 1769 magis
1345 1729 1473 1769 quam
1492 1715 1607 1756 bella
1626 1715 1751 1756 facie-

140 1792 185 1825 20
210 1785 331 1825 bant.
378 1783 524 1837 itaque
557 1797 655 1824 cum
686 1782 761 1824 diu
790 1783 1061 1838 multumque
1098 1784 1321 1826 eluderent
1352 1785 1522 1826 Saluuii
1552 1785 1752 1826 Deciates

211 1853 374 1895 Oxubii
394 1852 652 1894 Euburiates
673 1852 878 1907 Ingauni,
902 1854 1076 1894 tandem
1092 1854 1275 1908 Fuluius
1291 1855 1474 1896 latebras
1495 1870 1642 1896 eorum
1662 1855 1754 1910 igni

212 1923 384 1978 saepsit,
406 1923 592 1964 Baebius
612 1922 659 1963 in
678 1923 808 1977 plana
836 1922 1039 1972 deduxit,
1070 1925 1321 1967 Postumius
1348 1925 1411 1967 ita
1437 1925 1676 1967 exarmauit
1706 1933 1755 1966 ut

211 1993 288 2034 uix
307 1993 526 2048 reliquerit
545 1993 704 2034 ferrum
724 2006 808 2047 quo
831 1998 941 2033 terra
961 1993 1187 2035 coleretur.

608 2118 717 2158 XX.
750 2118 997 2158 BELLVM
1018 2118 1351 2161 GALLICVM.

141 2236 185 2268 25
212 2228 352 2284 Gallis
387 2227 641 2270 Insubribus
676 2236 718 2269 et
752 2228 820 2269 his
855 2229 1008 2270 accolis
1044 2210 1223 2284 Alpium
1261 2231 1393 2271 animi
1428 2232 1627 2281 ferarum,
1665 2247 1755 2282 cor·
1773 2240 1825 2276 11,
1842 2229 1865 2266 4

211 2312 315 2351 pora
332 2298 430 2351 plus
451 2312 580 2351 quam
599 2297 790 2338 humana
810 2306 946 2348 erant,
970 2300 1044 2340 sed
1060 2324 1114 2330 -—
1131 2300 1423 2354 experimento
1443 2302 1756 2356 deprehensum

215 2434 234 2466 2
252 2430 487 2466 excindendis
502 2430 673 2465 Halmius
684 2444 696 2464 .·
714 2431 924 2466 excidendis
940 2440 1015 2466 ΒΙΝ
1032 2432 1042 2478 ΙΙ
1062 2435 1082 2467 3
1100 2441 1336 2479 quererentur
1350 2443 1384 2470 N
1398 2436 1409 2482 ΙΙ
1428 2439 1447 2470 5
1466 2436 1639 2483 ligurium
1655 2444 1690 2470 N
1704 2437 1714 2482 ΙΙ
1733 2440 1753 2470 6

213 2493 251 2522 et
267 2487 411 2533 quasiN
425 2488 436 2533 ΙΙ
453 2486 699 2532 recipiendum
713 2495 748 2522 N
761 2488 772 2534 ΙΙ
791 2490 810 2521 7
828 2487 960 2523 fidesN
973 2490 984 2535 Η
1004 2491 1164 2525 8tuncN
1178 2491 1189 2536 ΙΙ
1208 2493 1228 2526 9
1239 2492 1310 2526 fuit
1325 2493 1388 2527 sed
1408 2493 1530 2528 statim
1545 2501 1576 2528 N
1592 2493 1606 2543 ΙΙ
1622 2494 1756 2539 quippe

214 2543 321 2578 etiam
343 2544 480 2590 ligures
497 2547 534 2577 et
550 2542 620 2577 iam
635 2550 662 2577 B
678 2543 690 2589 ss
711 2545 751 2578 10
768 2543 867 2578 illirii
891 2552 918 2579 Β
935 2544 946 2591 ΙΙ
963 2545 1014 2580 sic
1031 2546 1144 2581 desub
1168 2555 1202 2581 N
1215 2548 1227 2594 ΙΙ
1248 2550 1285 2582 11
1312 2549 1425 2584 desub
1442 2557 1476 2584 N
1496 2550 1508 2596 ss
1547 2552 1586 2584 12
1604 2549 1754 2584 adsidue

214 2599 387 2635 incitante
402 2608 436 2634 N
450 2600 462 2646 ΙΙ
479 2598 684 2644 rubiginem
699 2607 737 2642 Β,
755 2599 966 2646 robigenem
984 2609 1018 2635 N
1031 2602 1043 2648 ΙΙ
1064 2604 1105 2636 13
1122 2604 1296 2640 terocinia
1310 2613 1344 2640 N
1358 2605 1370 2651 ΙΙ
1399 2608 1439 2640 14
1456 2605 1655 2640 inbuebant
1670 2612 1703 2638 N
1726 2605 1737 2649 H

213 2667 320 2701 quam
336 2656 440 2702 quasi
458 2669 503 2697 ς.·
521 2666 630 2701 quam
646 2655 677 2690 si
692 2663 751 2690 BN
765 2657 776 2701 ΙΙ
798 2658 838 2691 16
855 2656 991 2703 liguras
1007 2666 1033 2691 B
1056 2659 1068 2705 ΙΙ
1093 2659 1306 2696 adherentes
1321 2669 1373 2696 ΙΝ
1395 2663 1407 2709 ΙΙ
1432 2674 1560 2697 uarum
1577 2672 1753 2707 magram-

214 2723 284 2757 que
299 2723 440 2746 amnem
463 2720 484 2746 Ι
499 2712 510 2758 ΙΙ
532 2713 570 2745 17
590 2711 676 2746 dum
693 2711 750 2746 his
764 2720 791 2747 Β
808 2713 819 2758 ΙΙ
841 2714 881 2747 18
898 2713 953 2748 uti
968 2722 995 2748 Β
1010 2713 1023 2760 ss
1040 2715 1112 2750 tuti
1133 2715 1164 2750 si
1180 2717 1326 2763 quidem
1342 2718 1431 2754 locis
1447 2727 1468 2753 Ι
1483 2720 1494 2764 Η
1512 2721 1555 2752 20
1573 2718 1698 2752 ludere
1713 2725 1751 2757 Β,

214 2766 374 2802 eluderet
389 2776 423 2802 N
442 2768 454 2812 u
472 2767 564 2802 salui
579 2775 605 2802 Β
617 2793 626 2809 ,
646 2767 813 2803 saltuuiis
830 2777 858 2811 Ι,
878 2768 991 2804 saltus
1006 2778 1039 2804 N
1053 2771 1065 2818 ΙΙ
1083 2772 1252 2809 decilates
1268 2783 1314 2810 Bl
1329 2776 1340 2821 ΙΙ
1363 2778 1402 2810 19
1421 2774 1545 2810 exuuii
1559 2772 1633 2814 ΒΙᾸ,
1664 2783 1753 2806 oxu-

214 2822 266 2856 uii
281 2822 320 2856 1¹⁹
330 2849 340 2865 ,
367 2824 513 2858 oxubile
528 2832 562 2858 N
577 2824 587 2870 H
615 2829 652 2859 et
667 2824 826 2860 buriates
842 2833 886 2868 Β,
905 2826 1064 2863 buriates
1079 2836 1116 2870 Ι,
1136 2828 1297 2865 buriatas
1312 2839 1346 2865 Ν
1360 2831 1371 2876 ΙΙ
1390 2831 1593 2875 incognitas
1617 2837 1649 2863 N
1665 2830 1675 2874 ΙΙ
1699 2830 1754 2875 ig-

214 2877 322 2912 nibus
347 2886 381 2912 N
394 2879 405 2924 ΙΙ
423 2881 466 2913 22
483 2880 611 2915 bebius
628 2892 715 2916 uero
735 2890 755 2915 Ι
770 2883 781 2927 ΙΙ
800 2871 1002 2928 postilmius
1017 2893 1043 2918 Β
1060 2885 1072 2930 H
1091 2887 1132 2919 25
1151 2886 1286 2931 alpium
1310 2886 1436 2920 incolis
1453 2894 1469 2918 1
1498 2887 1507 2930 ἐξ
1533 2898 1682 2931 corpora
1698 2899 1752 2920 om

212 2942 249 2974 Β,
269 2934 340 2967 add
353 2946 375 2968 a
392 2936 411 2968 2
429 2947 535 2970 manu
552 2937 564 2981 fl
582 2939 626 2971 26
643 2938 706 2972 sed
724 2938 968 2984 experimento
986 2940 1078 2975 bisN
1093 2943 1105 2987 [j

256 2998 409 3024 nonve.
1340 3038 1347 3042 ,
1566 3008 1586 3039 3
