2002 3320
278 242 331 281 66
920 252 1011 280 tvm
1032 251 1160 280 stom

278 353 422 406 itaque
442 364 672 391 conuersus
702 351 756 390 ad
782 350 995 403 proximas
1023 356 1171 405 gentes
1201 356 1340 390 totum
1365 362 1499 402 paene
1527 347 1734 388 orientem
1753 361 1802 391 ac
1845 383 1847 385 ,

278 420 610 474 septentrionem
629 418 754 459 ruina
772 433 850 460 sua
868 419 1067 460 inuoluit.
1092 418 1247 460 Hiberi
1262 418 1406 472 Caspii
1421 417 1579 458 Albani
1599 424 1641 457 et
1661 423 1800 458 utrae-

277 504 358 543 que
379 489 662 531 sollicitantur
681 487 909 529 Armeniae
922 518 935 537 ,
968 502 1042 541 per
1071 502 1179 541 quae
1210 487 1353 528 omnia
1370 489 1498 528 decus
1519 494 1561 528 et
1581 501 1738 527 nomen
1757 492 1800 527 et

279 559 424 600 titulos
444 558 604 612 gloriae
634 556 839 610 Pompeio
867 570 944 597 suo
974 557 1165 597 Fortuna
1191 556 1432 610 quaerebat.
1473 555 1547 609 qui
1575 555 1650 596 ubi
1676 554 1802 596 nouis

276 628 462 673 motibus
500 628 643 668 ardere
682 626 830 667 Asiam
866 625 986 666 uidet
1024 625 1211 678 aliosque
1249 639 1304 666 ex
1337 624 1432 667 aliis
1469 625 1634 678 prodire
1665 639 1800 678 reges,
1834 633 1854 664 5

277 697 388 738 nihil
408 697 697 737 cunctandum
715 701 849 743 ratus,
871 694 1124 748 priusquam
1143 694 1255 735 inter
1273 709 1318 735 se
1337 693 1532 748 gentium
1550 695 1699 735 robora
1718 694 1801 735 coi-

276 773 385 815 rent,
411 766 556 807 statim
575 771 704 818 ponte
724 764 907 805 nauibus
927 764 1039 805 facto
1060 763 1252 805 omnium
1271 770 1371 805 ante
1392 777 1436 804 se
1455 762 1615 816 primus
1635 763 1804 804 transiit

276 836 524 889 Euphraten
533 848 758 888 regemque
765 833 1002 887 fugientem
1016 833 1157 875 media
1170 839 1352 873 nanctus
1364 832 1567 873 Armenia
1576 857 1634 864 —
1643 840 1803 886 quanta

275 904 455 947 felicitas
476 903 581 944 uiri!
605 927 662 933 -
682 916 768 942 uno
787 901 947 955 proelio
967 902 1162 943 confecit.
1195 908 1404 942 nocturna
1425 916 1474 942 ea
1489 901 1704 943 dimicatio
1724 902 1806 943 fuit

275 982 317 1015 et
337 976 461 1016 Luna
480 972 527 1013 in
546 972 752 1025 partibus.
788 971 944 1025 quippe
963 971 1247 1013 commilitans
1277 971 1397 1024 quasi
1424 972 1503 1012 dea
1522 985 1622 1012 cum
1642 985 1667 1011 a
1686 977 1804 1025 tergo
1834 979 1876 1011 10

275 1059 320 1085 se
341 1044 534 1085 hostibus
547 1074 559 1091 ,
591 1056 616 1083 a
635 1041 742 1082 facie
771 1039 978 1089 Romanis
1007 1039 1297 1093 praebuisset,
1330 1040 1499 1081 Pontici
1528 1055 1602 1094 per
1622 1053 1804 1081 errorem

274 1114 445 1167 longius
467 1112 655 1153 cadentis
686 1112 855 1151 umbras
885 1125 982 1151 suas
1010 1109 1130 1163 quasi
1159 1109 1349 1149 hostium
1378 1124 1551 1162 corpora
1579 1110 1796 1161 petebant.

275 1191 317 1224 et
337 1182 611 1224 Mithridates
632 1181 804 1234 quidem
823 1187 947 1220 nocte
967 1179 1043 1219 illa
1063 1178 1297 1219 debellatus
1318 1185 1396 1218 est.
1430 1178 1541 1218 nihil
1570 1177 1684 1218 enim
1707 1191 1803 1230 pos-

273 1259 342 1292 tea
363 1251 525 1299 ualuit,
557 1263 815 1303 quamquam
844 1248 987 1291 omnia
1015 1256 1214 1303 expertus
1234 1262 1349 1290 more
1371 1247 1602 1303 anguium,
1632 1247 1707 1301 qui
1726 1262 1799 1300 op-

273 1321 373 1361 trito
393 1320 530 1373 capite
550 1326 813 1372 postremum
841 1320 976 1358 cauda
1003 1318 1236 1359 minantur.
1271 1318 1426 1372 quippe
1455 1332 1555 1359 cum
1582 1316 1800 1370 effugisset
1828 1323 1870 1356 15

273 1390 441 1430 hostem
462 1388 632 1428 Colchis
655 1395 802 1437 tenus,
833 1387 1008 1441 iungere
1022 1390 1258 1440 Bosporon,
1282 1387 1380 1427 inde
1400 1401 1474 1440 per
1495 1386 1689 1426 Thracen
1708 1386 1802 1426 Ma-

273 1457 577 1510 cedoniamque
607 1464 650 1497 et
678 1456 904 1497 Graeciam
932 1456 1168 1506 transilire,
1202 1456 1263 1497 sic
1294 1455 1467 1497 Italiam
1495 1470 1573 1497 nec
1603 1447 1800 1510 opinatus

273 1527 475 1568 inuadere
497 1533 667 1566 tantum
687 1524 907 1579 cogitauit.
941 1526 1015 1566 sed
1035 1525 1270 1566 defectione
1299 1525 1460 1566 ciuium
1482 1525 1799 1579 Pharnacisque

272 1596 351 1637 filii
387 1596 541 1636 scelere
575 1602 831 1648 praeuentus
851 1595 962 1635 male
992 1601 1246 1648 temptatum
1275 1609 1441 1642 ueneno
1472 1594 1669 1648 spiritum
1697 1595 1805 1636 ferro

273 1665 453 1719 expulit.
1825 1671 1871 1703 20

386 1735 535 1775 Gneus
557 1734 728 1775 interim
749 1735 934 1787 Magnus
954 1733 1123 1774 rebellis
1142 1733 1269 1774 Asiae
1298 1732 1497 1786 reliquias
1526 1747 1705 1786 sequens
1725 1747 1800 1786 per

273 1804 442 1845 diuersa
460 1803 655 1857 gentium
675 1810 963 1856 terrarumque
983 1802 1205 1843 uolitabat.
1239 1817 1340 1842 nam
1358 1803 1438 1843 sub
1459 1802 1664 1843 orientem
1684 1816 1800 1843 secu-

272 1882 342 1915 tus
363 1872 609 1921 Armenios,
634 1879 781 1925 captae
810 1871 950 1925 gentis
981 1878 1178 1925 satrapen
1208 1872 1444 1925 supplicem
1469 1871 1595 1912 iussit
1624 1885 1802 1925 regnare

274 1943 504 1997 Tigranen.
539 1949 582 1982 at
613 1941 657 1982 in
690 1940 974 1994 septentrione
1004 1940 1252 1993 Scythicum
1278 1940 1359 1981 iter
1388 1948 1607 1993 tamquam
1626 1939 1673 1980 in
1692 1939 1801 1980 mari

274 2012 407 2056 stellis
429 2019 598 2053 secutus
619 2010 802 2051 Colchos
824 2009 998 2058 cecidit,
1019 2009 1189 2062 ignouit
1209 2009 1438 2058 Hiberiae,
1462 2008 1650 2062 pepercit
1668 2009 1798 2048 Alba·
1827 2015 1871 2048 25

274 2083 355 2123 nis.
389 2096 530 2135 regem
550 2079 807 2121 Colchorum
827 2078 1038 2125 Orhozen,
1062 2076 1210 2129 positis
1235 2077 1313 2117 sub
1334 2077 1426 2130 ipso
1443 2077 1633 2117 Caucaso
1653 2076 1800 2117 castris

273 2151 398 2193 iussit
418 2151 465 2190 in
484 2151 614 2203 plana
633 2148 902 2195 descendere,
926 2154 969 2187 at
988 2146 1230 2194 Arthocen,
1256 2145 1329 2198 qui
1351 2146 1526 2186 Hiberis
1547 2145 1797 2198 imperabat,

275 2221 440 2263 obsides
467 2219 620 2259 liberos
653 2218 750 2258 dare
762 2232 773 2264 ;
808 2215 1001 2256 Horolen
1031 2215 1161 2256 etiam
1189 2215 1431 2257 munerauit
1462 2214 1576 2255 ultro
1597 2214 1649 2255 ab
1670 2213 1798 2254 Alba-

280 2415 289 2445 1
314 2423 426 2456 poene
443 2420 468 2445 Β
486 2413 496 2456 Η
516 2409 744 2445 3arm0eniae
755 2419 853 2453 perq.
864 2417 890 2442 Β
908 2408 919 2453 U
937 2408 1128 2442 4titulusB
1145 2409 1156 2453 ΙΙ
1174 2409 1307 2453 gloriae
1319 2415 1415 2441 omN
1429 2408 1440 2452 Η
1457 2406 1560 2440 nobis
1571 2413 1596 2439 B
1613 2405 1624 2450 ΙΙ
1644 2404 1800 2438 7transit

274 2474 307 2500 N
321 2468 332 2511 ΙΙ
352 2469 371 2500 8
388 2467 560 2500 eufratem
576 2474 612 2506 B,
633 2465 794 2498 eufraten
809 2471 842 2498 N
857 2463 869 2508 Η
890 2466 929 2497 10
948 2464 1184 2498 commilitans
1202 2475 1283 2498 cum
1298 2463 1400 2508 quasi
1424 2463 1491 2496 dea
1505 2469 1551 2502 Β,
1579 2459 1681 2505 quasi
1706 2469 1800 2493 com-

275 2522 432 2555 militans
456 2532 536 2554 cum
565 2521 633 2565 (om
657 2520 736 2564 dea)
762 2526 795 2552 N
809 2518 820 2563 Η
842 2521 882 2552 14
908 2519 1022 2553 ualuit
1046 2531 1101 2552 om
1131 2527 1158 2552 Β
1175 2519 1186 2563 Η
1205 2518 1337 2552 obtrito
1359 2526 1391 2552 N
1413 2518 1424 2562 11
1445 2520 1486 2551 15
1519 2520 1697 2562 postremo
1727 2522 1753 2548 B
1775 2515 1796 2547 2

274 2588 382 2610 mame
399 2577 411 2621 Η
433 2578 473 2609 16
488 2576 629 2610 hostem
648 2575 790 2608 colchos
807 2574 942 2608 siciliae
958 2586 1102 2619 quoque
1128 2574 1234 2608 litora
1258 2578 1294 2608 et
1319 2572 1539 2618 campaniam
1564 2575 1722 2605 nostram
1739 2580 1797 2603 su—

276 2632 350 2666 bito
367 2631 526 2666 aduentu
542 2635 672 2664 terrere
690 2629 807 2663 uoluit
824 2629 873 2663 sic
890 2629 1018 2663 felixN
1031 2631 1105 2674 esp
1119 2632 1174 2671 64,
1187 2632 1274 2663 25et
1282 2631 1338 2670 68,
1351 2631 1370 2662 5
1390 2628 1402 2673 ΙΙ
1420 2626 1657 2672 ὒοερὴοτοῐιΒ
1674 2625 1686 2669 il
1703 2624 1799 2658 thra-

274 2686 364 2720 ciam
388 2693 422 2719 N
436 2686 447 2731 ΙΙ
469 2687 507 2718 17
534 2696 603 2729 que
620 2696 675 2717 om
687 2692 720 2717 N
735 2684 746 2728 ss
770 2686 807 2717 18
826 2684 1000 2728 cogitauit
1014 2696 1077 2729 per
1094 2684 1329 2719 defectionem
1345 2691 1379 2718 N
1393 2684 1404 2729 ΙΙ
1422 2685 1464 2717 22
1482 2692 1577 2716 nunc
1594 2680 1661 2715 sub
1678 2687 1709 2713 N
1724 2679 1736 2726 ss
1753 2681 1794 2713 23

276 2741 474 2776 armoenios
491 2748 515 2774 Β
533 2741 544 2785 ΙΙ
562 2740 674 2784 captis
691 2739 728 2772 in
745 2739 822 2783 ipso
840 2740 955 2784 capite
972 2741 1090 2785 gentis
1107 2740 1276 2774 artaxatis
1291 2738 1488 2784 supplicem
1503 2744 1537 2771 N
1550 2737 1562 2781 ΙΙ
1580 2738 1621 2770 23
1635 2740 1799 2780 atrapens

273 2806 297 2830 Β
315 2797 326 2842 ΙΙ
355 2799 395 2830 24
424 2796 469 2830 ad
485 2804 510 2830 Β
533 2796 545 2841 ΙΙ
570 2794 849 2840 septentrionem
865 2802 898 2828 Ν
912 2795 922 2839 ΙΙ
941 2796 1142 2840 scythioum
1157 2803 1193 2835 Β,
1225 2794 1398 2840 scyticum
1413 2800 1444 2827 N
1467 2791 1478 2837 ΙΙ
1506 2794 1548 2825 26
1575 2791 1710 2826 oroden
1735 2790 1794 2836 Nu

274 2863 419 2886 causaso
434 2859 468 2886 Ν
481 2851 493 2895 ΙΙ
511 2853 552 2884 27
577 2850 623 2884 ad
645 2849 815 2883 arthocen
838 2857 881 2888 B,
909 2849 954 2882 ad
968 2855 1113 2884 artocen
1127 2857 1161 2883 Ν
1174 2849 1186 2894 ΙΙ
1204 2851 1245 2884 28
1271 2854 1308 2884 et
1333 2847 1473 2883 obsides
1498 2855 1571 2889 BN,
1599 2851 1635 2882 et
1657 2845 1770 2881 deleat·
1783 2846 1795 2892 ΙΙ

273 2907 407 2940 oroden
423 2913 456 2939 N
470 2906 481 2951 {l
499 2906 738 2940 femuneratus
756 2908 810 2938 est
825 2911 858 2938 N
872 2904 883 2949 ἢ
