2002 3320
582 236 801 268 'ErrrouA
821 237 873 275 11,
903 232 960 266 17.
987 231 1030 265 18
1058 223 1169 280 [1111,
1194 233 1229 265 7.
1256 225 1312 280 8].
1658 227 1737 268 109

194 336 388 391 quamuis
408 337 537 379 duces
556 335 658 378 inde
677 343 921 392 praesentes
951 338 1174 387 adessent,
1205 337 1308 378 hinc
1340 337 1523 379 alterum
1543 339 1731 393 corporis

194 407 438 462 aegritudo,
470 405 596 449 illum
623 413 765 449 metus
794 414 838 449 et
866 407 1043 462 ignauia
1071 407 1400 458 subduxissent,
1433 415 1567 450 staret
1587 417 1733 451 tamen

190 491 268 532 pro
286 476 478 532 partibus
497 476 664 518 inuicta
682 477 855 520 fortuna
875 485 919 520 et
938 477 1090 519 ultoris
1112 485 1156 519 et
1175 478 1250 533 qui
1269 478 1586 530 uindicabatur,
1610 493 1730 534 proe-

190 547 298 589 lium
318 547 422 589 adeo
443 561 599 602 anceps
619 547 703 589 fuit
721 554 772 589 ut
799 562 877 604 par
905 547 1120 603 utrimque
1150 547 1378 590 discrimen
1409 549 1550 590 exitus
1581 549 1731 604 proelii

148 625 168 657 5
190 617 404 659 docuerit:
430 625 554 672 capta
575 625 676 660 sunt
695 618 797 660 hinc
818 617 1011 660 Caesaris
1031 624 1185 668 castra,
1208 618 1309 660 inde
1330 619 1468 661 Cassi.
1493 633 1548 661 en
1568 626 1729 674 quanto

190 688 398 730 efficacior
427 695 492 731 est
526 688 701 730 fortuna
738 703 867 744 quam
894 687 1054 729 uirtus!
1088 695 1131 730 et
1159 703 1287 744 quam
1315 703 1467 730 uerum
1495 696 1582 740 est,
1616 691 1730 745 quod

189 757 376 799 moriens
396 761 557 800 Brutus
574 758 752 809 efflauit,
776 773 866 800 non
885 758 929 799 in
951 773 1010 809 re,
1035 760 1111 800 sed
1130 758 1176 800 in
1191 759 1324 801 uerbo
1344 766 1515 800 tantum
1536 773 1627 801 esse
1642 759 1728 800 uir-

188 829 345 870 tutem!
370 828 597 871 uictoriam
615 828 682 870 illi
701 829 863 884 proelio
882 843 997 871 error
1017 829 1148 870 dedit.
1184 830 1357 872 Cassius
1373 829 1580 871 inclinato
1595 844 1728 871 cornu

188 913 362 940 suorum
392 913 492 940 cum
513 898 649 954 captis
671 899 864 951 Caesaris
886 898 1034 941 castris
1055 899 1204 954 rapido
1224 899 1390 954 impetu
1409 900 1660 956 recipientes
1682 915 1726 943 se

119 977 160 1009 10
185 969 350 1024 equites
370 969 559 1020 uideret,
588 969 737 1024 fugere
764 970 972 1012 abitratus
993 970 1140 1012 euadit
1159 970 1207 1012 in
1236 970 1466 1012 tumulum.
1509 970 1610 1012 inde
1629 970 1724 1024 pul-

187 1054 287 1081 uere
307 1046 350 1081 et
370 1039 574 1094 strepitu,
605 1039 732 1081 etiam
761 1047 887 1082 nocte
907 1040 1054 1082 uicina
1074 1040 1361 1082 eximentibus
1380 1048 1527 1095 gestae
1547 1040 1610 1082 rei
1630 1054 1725 1082 sen-

187 1123 308 1160 sum,
351 1124 451 1151 cum
488 1109 729 1164 speculator
757 1124 925 1164 quoque
954 1110 1001 1151 in
1031 1110 1076 1151 id
1108 1110 1263 1152 missus
1294 1110 1456 1152 tardius
1485 1109 1722 1160 nuntiaret,

185 1187 447 1222 transactum
468 1180 520 1223 de
543 1179 740 1235 ¹partibus
760 1186 878 1221 ratus
898 1180 977 1221 uni
997 1195 1051 1222 ex
1080 1180 1286 1236 proximis
1307 1181 1587 1222 auferendum
1606 1195 1725 1236 prae-

184 1250 281 1292 buit
300 1257 443 1306 caput.
493 1252 658 1293 Brutus
688 1265 789 1292 cum
815 1250 863 1291 in
883 1250 1032 1292 Cassio
1065 1251 1195 1292 etiam
1225 1266 1353 1293 suum
1373 1250 1566 1292 animum
1585 1250 1723 1306 perdi-

117 1329 158 1362 15
183 1320 337 1372 disset,
368 1336 424 1362 ne
445 1321 550 1376 quid
569 1335 623 1362 ex
643 1321 866 1362 constituti
890 1321 976 1362 fide
1005 1320 1242 1376 resignaret
1279 1321 1367 1375 (ita
1402 1321 1519 1363 enim
1543 1336 1632 1362 non
1654 1335 1722 1362 su·

182 1406 350 1446 peresse
363 1391 478 1433 bello
494 1393 786 1446 conuenerat),
803 1391 894 1446 ipse
915 1405 1083 1446 quoque
1103 1391 1181 1433 uni
1201 1392 1406 1433 comitum
1427 1406 1604 1433 suorum
1623 1405 1721 1432 con-

184 1461 436 1504 fodiendum
463 1461 660 1517 praebuit
699 1462 828 1503 latus.
890 1461 985 1516 quis
1024 1461 1361 1516 sapientissimos
1390 1476 1440 1503 ac
1468 1460 1721 1503 fortissimos

184 1532 300 1574 uiros
319 1547 408 1574 non
427 1532 605 1574 miretur
624 1533 678 1573 ad
697 1531 901 1572 ultimum
920 1546 1009 1573 non
1030 1532 1118 1574 suis
1138 1532 1340 1574 manibus
1368 1531 1494 1574 usos?
1524 1531 1610 1573 nisi
1640 1531 1722 1572 hoc

186 1617 354 1658 quoque
374 1617 428 1644 ex
446 1601 721 1657 persuasione
742 1610 881 1643 sectae
900 1602 1010 1653 fuit,
1041 1617 1095 1643 ne
1124 1591 1339 1644 'uiolarent
1368 1617 1547 1653 manus,
1580 1602 1654 1643 sed
1674 1601 1720 1642 in

112 1683 156 1715 20
180 1673 427 1716 amolitione
447 1672 772 1714 fortissimarum
790 1672 1164 1728 piissimarumque
1185 1673 1424 1714 animarum
1443 1672 1604 1714 iudicio
1625 1687 1718 1721 suo,

183 1744 339 1787 scelere
359 1743 499 1786 alieno
518 1749 755 1784 uterentur.

365 1906 547 1949 XVIII.
580 1905 827 1948 BELLVM
853 1904 982 1947 CVM
1008 1904 1206 1948 SEXTO
1230 1905 1522 1948 POMPEIO.

122 2046 124 2048 ’
180 2030 371 2086 Sublatis
389 2029 706 2087 percussoribus
727 2028 921 2071 Caesaris
948 2036 1164 2084 supererat
1194 2029 1373 2084 Pompei
1404 2029 1570 2071 domus.
1612 2029 1719 2070 alter
1739 2037 1829 2074 1111,
1855 2033 1875 2065 8

178 2102 388 2144 iuuenum
406 2100 454 2142 in
474 2100 691 2157 Hispania
711 2100 944 2150 occiderat,
977 2100 1083 2141 alter
1111 2100 1213 2155 fuga
1243 2107 1437 2141 euaserat
1471 2098 1717 2140 contractis-

109 2180 154 2213 25
178 2186 263 2227 que
291 2172 474 2214 infelicis
502 2171 606 2212 belli
634 2170 850 2225 reliquiis,
891 2185 990 2212 cum
1027 2170 1203 2224 insuper
1241 2169 1456 2224 ergastula
1495 2175 1713 2219 armasset,

181 2240 372 2284 Siciliam
403 2240 730 2294 Sardiniamque
761 2240 962 2280 habebat.
1023 2239 1110 2280 iam
1139 2246 1182 2280 et
1217 2239 1351 2280 classe
1378 2238 1571 2279 medium
1599 2253 1715 2280 mare

180 2311 417 2361 insederat,
461 2325 485 2352 o
515 2324 644 2364 quam
672 2309 866 2350 diuersus
896 2323 922 2350 a
948 2309 1092 2364 patre!
1134 2309 1208 2350 ille
1238 2308 1395 2351 Cilicas
1425 2309 1710 2358 extincxerat3

184 2481 198 2513 1
220 2478 384 2525 quamuis
402 2477 532 2512 deinde
548 2468 753 2524 praesentes
768 2486 801 2514 N
815 2478 827 2524 ΙῙ
844 2480 864 2512 2
883 2481 1021 2513 starent
1045 2478 1098 2512 bN
1112 2477 1124 2523 ΙΙ
1142 2479 1162 2512 3
1179 2477 1357 2524 proelium
1382 2478 1531 2524 scn'pffl‘:
1557 2478 1711 2524 primum

177 2544 235 2571 ΒΝ
250 2536 262 2582 ΙΙ
279 2538 299 2570 4
317 2540 360 2571 ut
376 2547 431 2570 om
446 2542 480 2570 N
493 2534 505 2580 ΙΙ
522 2535 703 2582 utrimque
721 2548 744 2577 ς
755 2549 767 2569 .·
785 2539 978 2580 utrumque
989 2542 1048 2570 BN
1061 2534 1074 2580 ss
1091 2540 1134 2570 ut
1149 2535 1308 2570 exitusN
1323 2535 1335 2581 ΙΙ
1352 2538 1372 2569 5
1391 2535 1555 2570 docuerit
1570 2534 1711 2580 sampsi:

179 2591 304 2628 docuit
317 2599 377 2627 BN
390 2592 402 2638 ΙΙ
420 2591 524 2627 classi
540 2600 566 2627 Β
582 2591 594 2638 ΙΙ
612 2603 657 2626 en
672 2591 866 2627 Halmim:
893 2595 930 2626 et
950 2599 997 2634 B,
1020 2591 1083 2626 sed
1106 2597 1140 2626 N
1154 2592 1165 2638 ss
1183 2595 1203 2626 6
1220 2603 1347 2627 uerum
1373 2596 1428 2627 est
1451 2596 1488 2626 et
1504 2591 1642 2638 quod-B
1660 2591 1671 2636 ΙΙ
1691 2593 1708 2624 'a'

176 2650 314 2685 Brutus
329 2649 453 2683 addidi
472 2650 585 2684 Tvllio
600 2652 742 2683 auctore
753 2662 765 2682 .-
790 2660 846 2682 οη»
862 2655 920 2682 ΒΝ
933 2647 946 2694 fl
963 2647 1106 2683 effrauit
1120 2655 1154 2683 N
1167 2649 1179 2694 ss
1197 2648 1261 2683 sed
1284 2653 1321 2684 et
1337 2649 1374 2683 in
1390 2656 1423 2683 N
1437 2648 1449 2695 ll
1468 2650 1488 2682 8
1505 2659 1622 2683 errore
1638 2655 1664 2681 Β
1681 2647 1692 2692 {1

181 2708 222 2741 12
239 2705 444 2741 enuntiaret
458 2707 517 2752 ΝΙ]
538 2709 579 2741 13
594 2710 712 2741 ratum
727 2713 762 2739 N
774 2705 786 2751 ss
799 2707 848 2739 ’14
866 2704 983 2750 capud
998 2712 1024 2738 B
1041 2705 1052 2750 11
1074 2707 1113 2739 15
1132 2705 1227 2740 enim
1243 2716 1494 2751 persuperesse
1509 2712 1543 2739 Ν
1557 2703 1568 2748 ll
1587 2713 1710 2748 super-

178 2766 273 2797 esset
285 2770 312 2797 B
328 2761 340 2808 ΙΙ
360 2764 400 2797 17
418 2762 484 2798 hac
499 2771 525 2797 Β
542 2763 554 2808 11
572 2774 612 2797 ac
628 2762 842 2797 fortissimos
858 2773 914 2795 om
929 2769 963 2796 N
976 2761 988 2807 ΙΙ
1009 2763 1049 2796 18
1066 2761 1137 2797 nisi
1163 2762 1194 2797 si
1218 2762 1286 2797 hoc
1310 2770 1344 2797 Ν
1358 2763 1370 2807 Η
1391 2764 1431 2795 19
1458 2759 1623 2794 suasione
1638 2766 1664 2792 Β
1680 2758 1692 2803 ΙΙ

177 2818 425 2864 pei-suessione
442 2819 558 2854 defuit
572 2819 631 2865 ΝΠ
648 2830 715 2853 nec
730 2827 756 2854 B
773 2819 784 2866 ΙΙ
801 2818 979 2854 uielarent
992 2818 1052 2865 Nss
1070 2820 1112 2854 20
1139 2818 1312 2853 oblitione
1328 2826 1361 2852 N
1376 2818 1387 2862 [1
1405 2816 1706 2850 sanctissimarum

176 2874 562 2922 pietatissimarumque
584 2884 618 2910 N
641 2876 653 2922 fl
681 2878 724 2911 23
750 2876 916 2923 pompeio
938 2877 997 2922 ΝΙ]
1016 2878 1057 2911 24
1086 2876 1124 2910 in
1147 2887 1201 2910 om
1227 2883 1258 2909 N
1274 2875 1285 2919 ll
1303 2872 1486 2919 hisspania
1509 2879 1534 2905 B
1551 2871 1562 2916 fl
1582 2873 1624 2905 25
1649 2870 1707 2904 cui

174 2938 208 2965 N
221 2931 233 2976 Π
252 2933 293 2965 27
311 2931 513 2966 extinxerat
528 2940 553 2967 Β
569 2933 581 2978 ΙΙ
