2002 3320
834 245 1097 276 PRAEFATIO.
1687 238 1747 275 XI

389 361 418 402 p
441 350 509 397 56,
538 350 586 388 19
609 360 718 401 quae
738 345 819 388 etsi
839 359 890 398 ς.·
921 346 1068 401 quaesi
1088 351 1148 396 N,
1172 346 1295 401 quasi
1315 351 1354 387 B

422 422 497 467 56,
523 421 573 458 21
598 418 879 472 proferentur
899 430 954 469 ς.·
986 417 1260 472 perferentur
1282 421 1371 459 BN

440 493 509 538 57,
562 491 585 527 9
609 487 763 529 cecidit
783 501 833 539 ς.·
863 489 992 529 caede
1011 492 1101 530 BN

437 561 506 607 59,
532 562 583 599 22
606 573 677 600 eos
698 559 790 600 add
807 571 859 611 ς.·
891 573 957 601 om
976 563 1066 601 BN

436 632 505 678 63,
559 632 582 669 8
604 628 744 670 simile
764 642 814 681 ς.·
846 629 976 671 simili
996 634 1085 672 BN

434 684 507 748 64,
534 701 585 739 28
609 700 843 754 depulisset
863 713 916 752 ς.·
947 699 1195 755 dispulisset
1214 705 1278 750 B,
1301 699 1589 754 discipulisset
1611 705 1660 741 N

437 772 505 819 80,
531 774 582 811 22
606 771 809 825 obrogare
830 783 881 822 ς.·
913 771 1117 826 abrogare
1137 774 1225 811 BN

435 844 504 890 85,
561 840 757 882 3-leniter
777 854 829 892 ς.·
860 840 1015 882 leuiter
1033 845 1122 882 BN

433 914 504 960 88,
530 913 581 951 20
603 917 699 951 tum
719 923 770 962 ς.·
801 925 900 953 cum
919 915 1005 952 BN

409 984 504 1030 103,
534 984 581 1021 19
603 979 690 1021 nisi
709 980 904 1021 cohortes
925 993 978 1032 ς.·
1008 979 1094 1021 nisi
1114 981 1230 1035 quod
1249 981 1445 1022 cohortes
1466 987 1555 1024 BN

407 1053 502 1099 108,
528 1052 580 1089 26
603 1057 668 1091 est
688 1051 780 1091 add
797 1063 850 1102 ς.·
881 1065 946 1092 om
967 1054 1057 1092 BN

405 1124 501 1170 108,
526 1123 578 1160 28
600 1127 644 1161 et
664 1121 757 1162 add
773 1134 826 1172 ς.·
857 1136 923 1162 om
943 1125 1032 1163 BN

407 1194 502 1240 109,
555 1194 580 1230 4
602 1190 817 1246 utrimque
838 1204 888 1244 ς.·
923 1198 1152 1246 utrumque
1172 1196 1262 1234 BN

407 1266 504 1311 111,
528 1265 581 1302 20
602 1261 747 1316 gladio
768 1275 818 1314 ς.·
851 1262 1021 1304 claudio
1042 1268 1094 1313 B,
1119 1277 1145 1304 a
1165 1262 1334 1304 claudio
1356 1267 1405 1304 N

406 1336 502 1381 114,
528 1336 579 1372 29
603 1333 806 1373 adsuetae
828 1346 880 1385 ς.·
912 1333 1090 1374 adsueta
1110 1337 1198 1375 BN

406 1408 501 1452 115,
531 1407 578 1444 18
603 1403 774 1444 saucius
796 1419 848 1455 ς.·
880 1403 1036 1445 sauciis
1056 1408 1145 1445 BN

406 1477 500 1523 116,
530 1478 579 1514 14
602 1473 792 1528 anquirit
812 1487 864 1525 ς.·
896 1474 1084 1528 adquirit
1103 1478 1192 1515 BN

407 1546 503 1593 116,
528 1548 577 1584 21
601 1557 771 1585 marcus
792 1557 842 1596 ς.·
872 1543 1056 1585 marcius
1078 1548 1166 1585 BN

407 1618 502 1664 119,
557 1619 577 1653 7
602 1614 761 1655 obsitos
783 1628 834 1666 ς.·
867 1614 1020 1655 oblitos
1043 1618 1131 1655 BN

181 1682 338 1736 quibus
358 1684 604 1725 addendum
623 1683 751 1726 uideo
770 1700 799 1739 p
818 1689 886 1735 59,
907 1689 977 1735 23,
1000 1684 1075 1725 ubi
1090 1685 1205 1739 quod
1219 1699 1316 1726 mea
1330 1685 1575 1731 coniectura
1589 1686 1739 1741 scripsi

182 1752 422 1808 utriusque,
456 1770 555 1796 cum
575 1754 621 1795 in
642 1759 730 1797 BN
746 1755 802 1797 sit
833 1755 1090 1811 uarius-que,
1112 1755 1158 1796 id
1177 1755 1224 1796 in
1245 1769 1272 1807 ς
1290 1755 1378 1810 legi
1397 1763 1546 1810 postea
1565 1758 1738 1798 demum

182 1824 482 1866 animaduerti.
526 1825 631 1866 haec
652 1826 797 1867 omnia
817 1833 985 1876 autem,
1022 1841 1200 1867 numero
1231 1840 1333 1867 sane
1361 1841 1520 1881 pauca,
1558 1821 1620 1868 ita
1639 1841 1739 1868 con-

182 1901 334 1948 parata
362 1903 465 1937 sunt
502 1903 553 1937 ut
578 1911 813 1946 consensus
836 1901 925 1938 BN
941 1903 1016 1937 aut
1036 1900 1151 1937 BIN
1166 1896 1390 1951 antiquam
1409 1912 1502 1939 esse
1523 1906 1738 1953 corrupte-

182 1964 270 2005 lam
290 1972 435 2019 aperte
456 1967 605 2008 doceat
619 1999 632 2017 ,
654 1967 897 2009 emendatio
918 1974 1063 2008 autem
1085 1974 1172 2008 tam
1202 1967 1340 2009 facilis
1369 1968 1426 2009 sit
1455 1975 1504 2010 ut
1525 1967 1742 2010 attentum

182 2033 384 2077 lectorem
403 2036 550 2078 fallere
570 2037 646 2079 uix
665 2037 824 2093 possit,
848 2052 1029 2092 quarum
1048 2038 1171 2079 nulla
1191 2038 1283 2080 eius
1303 2046 1485 2080 naturae
1513 2048 1577 2080 est
1609 2046 1657 2080 ut
1685 2054 1739 2080 ex

182 2105 412 2162 archetypo
431 2107 575 2162 potius
595 2108 799 2149 traditam
819 2123 950 2162 quam
980 2109 1032 2150 ab
1061 2108 1234 2150 librario
1265 2109 1489 2150 inuentam
1517 2117 1735 2164 putemus.

183 2175 268 2216 huc
289 2178 498 2219 accedunt
526 2178 654 2233 pauci
682 2177 858 2234 quidam
885 2179 968 2220 loci
1002 2179 1049 2220 in
1079 2179 1234 2234 quibus
1264 2185 1303 2221 B
1332 2187 1374 2221 et
1394 2184 1445 2221 N
1459 2179 1572 2221 inter
1591 2194 1636 2220 se
1655 2178 1739 2220 dis-

182 2255 372 2301 crepant.
1109 2296 1111 2298 ,

266 2359 270 2362 .
306 2332 334 2373 p
361 2323 426 2368 19,
455 2323 503 2359 14
525 2325 794 2374 pugnauerunt
814 2332 867 2370 ς.·
897 2319 1157 2373 pugnauerit
1176 2323 1237 2369 N,
1263 2327 1579 2374 repugnauerat
1599 2324 1638 2360 B

355 2393 426 2438 24,
450 2393 502 2429 28
523 2388 732 2431 uictorem
752 2389 962 2444 populum
983 2404 1208 2430 romanum
1224 2403 1276 2441 ς.·
1298 2389 1512 2431 uictorum
1531 2390 1741 2445 populum

524 2473 750 2501 romanum
770 2464 830 2509 N,
855 2459 1091 2500 exercitum
1110 2460 1260 2514 populi
1281 2460 1446 2501 romani
1467 2465 1506 2500 B

358 2531 427 2577 32,
481 2532 503 2568 5
524 2543 684 2583 magna
711 2531 870 2584 praeda
899 2529 935 2571 si
965 2543 1138 2584 gregem
1166 2544 1218 2582 ς.·
1254 2545 1414 2585 magna
1441 2533 1600 2586 praeda
1626 2546 1675 2572 ac
1703 2531 1739 2572 si

528 2613 702 2653 gregem
720 2604 781 2649 N,
805 2614 984 2654 magnas
1004 2601 1181 2654 praedas
1203 2601 1291 2656 egit
1311 2609 1361 2643 ut
1381 2602 1417 2643 si
1437 2616 1610 2656 gregem
1632 2607 1672 2642 B

357 2672 426 2717 85,
480 2674 503 2709 4
527 2683 579 2709 ex
600 2669 740 2710 obuiis
761 2682 812 2721 ς.·
842 2684 898 2710 ex
917 2669 1056 2711 obulis
1076 2673 1136 2720 N,
1160 2685 1224 2711 om
1246 2677 1286 2712 B

358 2742 427 2788 88,
456 2744 504 2779 15
527 2739 740 2794 esquilina
760 2753 812 2791 ς.·
843 2740 989 2783 escilia
1007 2744 1069 2791 N,
1100 2741 1205 2783 ulla
1225 2748 1265 2783 B

333 2813 428 2858 122,
481 2813 504 2850 8
527 2816 616 2850 tam
636 2822 685 2861 ς.·
716 2809 804 2851 iam
822 2814 882 2861 N,
907 2825 1036 2865 quam
1057 2817 1096 2852 B

184 2883 228 2917 et
247 2877 405 2932 ubique
425 2878 599 2933 quidem
619 2880 727 2922 leuis
749 2881 990 2935 corruptela
1008 2881 1148 2936 qualis
1178 2881 1224 2923 in
1252 2886 1302 2923 N
1326 2881 1485 2935 legitur
1514 2882 1740 2921 emendata

184 2953 249 2987 est
269 2946 315 2987 in
336 2961 384 2999 ς,
419 2963 635 3005 nusquam
663 2951 786 3006 peius
817 2959 1016 3005 corrupta
1035 2957 1074 2992 B
1109 2952 1236 2994 lectio
1252 2984 1266 3002 ,
1307 2952 1422 2991 unde
1458 2943 1604 2991 rursus
1624 2959 1742 3005 patet
