2002 3320
295 239 352 278 98
939 251 1033 280 nrm
1055 252 1183 281 ηοω

297 348 460 390 exitum
476 347 615 389 uirtus
635 362 723 389 non
738 348 928 398 haberet,
951 351 1124 391 tandem
1138 365 1192 391 ne
1207 350 1253 391 in
1270 350 1529 392 deditionem
1543 350 1710 392 ueniret
1728 350 1824 392 hor-

297 424 417 458 tante
437 417 610 458 tribuno
627 417 801 459 Vulteio
816 418 978 460 mutuis
991 418 1149 460 ictibus
1167 419 1281 460 inter
1298 433 1345 460 se
1364 420 1591 461 concurrit.
1615 420 1662 460 in
1681 419 1828 461 Africa

297 501 464 540 quoque
483 500 561 540 par
580 491 623 527 et
641 486 780 528 uirtus
797 493 841 528 et
860 487 1079 528 calamitas
1105 488 1304 529 Curionis
1322 488 1406 529 fuit
1418 519 1431 537 ‚
1447 488 1527 542 qui
1546 490 1602 529 ad
1621 488 1825 544 recipien-

297 557 396 596 dam
415 555 681 609 prouinciam
699 557 855 598 missus
874 558 998 611 pulso
1018 558 1250 611 fugatoque
1265 558 1379 599 Varo
1395 558 1600 612 superbus
1632 558 1824 599 subitum

295 626 429 665 Iubae
464 624 575 678 regis
606 626 840 667 aduentum
870 627 1192 680 equitatumque
1220 627 1472 667 Maurorum
1500 627 1708 668 sustinere
1738 641 1826 668 non
1853 634 1874 667 5

292 693 450 747 potuit.
491 695 666 747 patebat
685 695 800 736 uicto
820 696 948 750 fug-a3
983 697 1055 737 sed
1082 696 1219 749 pudor
1251 694 1410 745 suasit,
1439 703 1490 737 ut
1517 697 1720 738 amissum
1748 711 1826 738 sua

293 762 531 804 temeritate
552 763 786 805 exercitum
804 773 939 806 morte
960 771 1220 819 sequeretur.

408 831 494 873 Sed
513 832 600 873 iam
620 834 812 875 debitum
832 849 909 889 par
929 836 1120 875 Fortuna
1139 834 1362 889 flagitante
1390 836 1534 876 sedem
1561 834 1674 878 bello
1695 837 1821 878 Pom-

292 902 413 956 peius
433 902 596 956 Epiron
615 903 801 957 elegerat
814 936 827 954 ,
856 918 936 945 nec
963 905 1121 945 Caesar
1147 905 1406 945 morabatur.
1441 904 1596 959 quippe
1617 906 1820 948 ordinastis

293 986 318 1011 a
337 978 456 1026 tergo
477 972 674 1013 omnibus
686 1004 698 1022 ,
723 974 920 1027 quam-uis
940 974 1107 1027 hiemps
1126 973 1268 1014 media
1286 973 1530 1027 prohiberet
1549 981 1818 1029 tempestate,
1849 983 1892 1016 10

293 1042 347 1081 ad
376 1041 539 1082 bellum
576 1041 802 1096 nauigauit
836 1043 1070 1098 positisque
1099 1044 1154 1084 ad
1177 1042 1359 1084 Oricum
1388 1043 1562 1093 castris,
1600 1059 1699 1085 cum
1724 1059 1822 1099 pars

292 1110 500 1152 exercitus
536 1112 589 1151 ob
625 1111 815 1165 inopiam
848 1111 1028 1152 nauium
1062 1126 1160 1152 cum
1193 1111 1384 1153 Antonio
1417 1112 1566 1153 relicta
1599 1110 1821 1155 Brundisii

289 1194 453 1221 moram
472 1180 643 1229 faceret,
667 1182 771 1221 adeo
791 1180 1004 1234 inpatiens
1026 1186 1116 1221 erat
1133 1189 1184 1221 ›ut
1200 1182 1254 1221 ad
1270 1182 1537 1222 arcessendos
1557 1196 1627 1222 eos
1649 1183 1820 1223 ardente

290 1250 432 1290 uentis
453 1249 575 1299 mari,
597 1257 721 1290 nocte
742 1249 964 1299 concubia,
988 1249 1268 1304 speculatorio
1283 1249 1459 1303 nauigio
1475 1251 1590 1291 solus
1605 1251 1667 1291 ire
1683 1257 1817 1305 temp-

290 1319 460 1360 tauerit.
496 1325 614 1359 extat
634 1319 688 1359 ad
714 1319 926 1372 trepidum
958 1325 1080 1359 tanto
1110 1318 1353 1359 discrimine
1382 1320 1707 1371 gubernatorem
1732 1333 1818 1360 unx
1846 1327 1890 1360 15

288 1388 424 1441 ipsius
449 1383 694 1429 ‘Caesarem
713 1382 868 1428 uehis.²
908 1387 1135 1428 contractis
1164 1387 1212 1427 in
1242 1401 1378 1427 unum
1403 1388 1595 1442 undique
1623 1387 1819 1429 omnibus

289 1457 420 1510 copiis
440 1456 672 1510 positisque
693 1456 930 1497 comminus
948 1455 1094 1496 castris
1116 1456 1286 1497 diuersa
1306 1463 1426 1497 erant
1446 1458 1606 1497 ducum
1625 1457 1814 1498 consiiia.

289 1526 446 1567 Caesar
473 1540 548 1579 pro
574 1533 729 1566 natura
761 1526 880 1567 ferox
911 1532 953 1566 et
987 1525 1274 1566 conficiendae
1303 1525 1365 1566 rei
1392 1526 1572 1580 cupidus
1608 1533 1819 1567 ostentare

290 1595 438 1644 aciem,
463 1609 692 1655 prouocare
712 1596 916 1636 lacessere
927 1611 938 1643 3
972 1609 1087 1635 nunc
1107 1595 1325 1636 obsidione
1345 1602 1578 1636 castrorum
1590 1626 1603 1644 ,
1628 1609 1735 1649 quae
1752 1610 1818 1637 se-

289 1665 427 1705 decim
452 1664 621 1705 milium
648 1664 764 1704 uallo
794 1665 1029 1705 obduxerat
1058 1689 1115 1694 —-
1135 1666 1209 1705 sed
1231 1664 1334 1718 quid
1353 1664 1421 1705 his
1442 1666 1607 1705 obesset
1637 1664 1814 1714 obsidio,
1844 1672 1888 1704 20

291 1734 365 1787 qui
386 1741 562 1788 patente
591 1733 700 1774 mari
730 1733 926 1774 omnibus
957 1733 1088 1788 copi-is
1119 1733 1409 1774 abundarent?
1451 1747 1566 1773 nunc
1602 1747 1819 1788 expugna-

290 1803 405 1843 tione
434 1803 645 1857 Dyrrachi
670 1802 823 1852 inrita,
862 1803 1018 1857 quippe
1048 1817 1176 1856 quam
1202 1803 1273 1843 uel
1305 1802 1411 1843 situs
1439 1802 1818 1856 inexpugnabilem

289 1872 444 1913 faceret
455 1889 466 1921 3
502 1874 556 1913 ad
575 1873 656 1913 hoc
678 1872 866 1913 adsiduis
887 1872 933 1912 in
950 1872 1171 1926 eruptione
1187 1871 1378 1912 hostium
1396 1871 1584 1926 proeliis,
1608 1886 1692 1926 quo
1710 1878 1816 1913 tem-

288 1955 389 1996 pore
409 1942 580 1995 egregia
594 1942 733 1983 uirtus
750 1942 982 1983 Scaeuolae
994 1941 1260 1983 centinionis
1277 1941 1467 1990 emicuit,
1492 1940 1613 1982 cuius
1633 1940 1680 1981 in
1697 1948 1816 1982 scuto

289 2017 462 2051 centum
482 2005 608 2063 atque
638 2010 796 2064 uiginti
825 2011 910 2051 tela
940 2012 1104 2059 sedere3
1137 2010 1225 2050 iam
1253 2025 1354 2051 uero
1383 2010 1555 2050 urbium
1581 2009 1816 2063 direptione
1838 2016 1886 2049 25

289 2079 496 2120 sociarum
514 2094 613 2119 cum
632 2078 807 2120 Oricum
827 2086 870 2120 et
890 2080 1097 2134 Gonphos
1119 2086 1161 2119 et
1179 2079 1263 2119 alia
1278 2079 1456 2119 castella
1476 2076 1720 2118 Thessaliae
1741 2092 1814 2118 ua—

289 2156 433 2190 staret.
478 2136 707 2202 Pompeius
729 2149 930 2189 aduersus
952 2149 1056 2189 haec
1075 2154 1243 2189 nectere
1262 2162 1424 2198 moras,
1448 2145 1732 2201 tergiuersari,
1755 2146 1814 2187 sic

288 2219 454 2259 hostem
473 2218 752 2259 interclusum
772 2217 962 2271 undique
982 2216 1128 2271 inopia
1156 2225 1471 2258 commeatuum
1497 2224 1629 2257 terere
1645 2246 1657 2264 ,
1680 2229 1815 2269 usque

289 2290 392 2329 dum
407 2287 692 2328 ardentissimi
705 2286 824 2328 ducis
835 2292 1150 2328 consenesceret
1163 2286 1364 2340 impetus.
1383 2298 1463 2324 nec
1479 2283 1641 2324 diutius
1655 2283 1816 2338 profuit

290 2357 408 2398 ducis
430 2358 613 2398 salutare
634 2356 874 2397 consilium.
915 2355 1038 2396 miles
1059 2354 1220 2404 otium,
1251 2353 1354 2396 socii
1382 2367 1568 2402 moram,
1599 2351 1813 2407 principes
1838 2360 1886 2393 '30

290 2525 301 2556 1
325 2522 471 2556 tandem
485 2522 634 2567 scripsi:
660 2527 779 2558 tamen
795 2531 841 2557 ΒΙ
855 2522 867 2567 ΙΙ
885 2527 1025 2557 ortante
1040 2530 1074 2556 N
1088 2522 1100 2568 11
1118 2525 1137 2556 2
1155 2522 1192 2556 in
1209 2533 1246 2555 se
1263 2519 1488 2555 concucurrit
1500 2526 1535 2553 N
1559 2517 1571 2563 ss
1589 2520 1610 2552 4
1628 2528 1732 2551 uarro
1758 2525 1784 2551 Β
1801 2518 1812 2563 ΙΙ

287 2578 356 2612 iam
381 2577 557 2622 superbus
572 2585 604 2611 N
629 2578 639 2623 ΙΙ
660 2581 677 2611 7
695 2579 821 2613 mortis
837 2587 863 2613 B
880 2579 892 2624 ΙΙ
910 2581 930 2612 9
948 2589 1082 2624 epyron
1098 2585 1124 2611 Β
1141 2577 1152 2622 ΙΙ
1170 2580 1329 2611 moratur
1341 2583 1375 2610 Ν
1388 2575 1400 2620 ΙΙ
1419 2577 1461 2608 -10
1478 2573 1683 2619 prohiberet
1697 2572 1814 2607 media

285 2632 454 2668 Halmius
472 2632 483 2677 ΙΙ
504 2634 541 2666 11
561 2632 749 2677 dorrycum
764 2642 797 2667 Ν
811 2634 822 2679 Η
844 2636 884 2667 12
901 2633 1089 2668 brundisio
1104 2641 1137 2667 Ν
1151 2633 1162 2678 Η
1184 2635 1224 2666 13
1241 2630 1470 2666 accersendos
1485 2636 1519 2663 Ν
1531 2628 1544 2674 ΙΙ
1565 2630 1605 2662 14
1620 2637 1716 2660 mare
1730 2634 1788 2661 ΒΝ
1802 2627 1814 2674 ΙΙ

289 2692 328 2723 15
355 2693 438 2723 exta
460 2687 639 2733 trepidum
663 2695 695 2721 Ν
718 2688 729 2733 ss
757 2691 797 2722 16
814 2689 926 2734 ipsius
944 2689 1031 2734 quid
1053 2688 1156 2723 times
1174 2698 1350 2722 caesarem
1366 2685 1443 2720 ueis
1458 2692 1491 2719 N
1505 2685 1516 2730 ΙΙ
1537 2685 1577 2718 18
1594 2683 1815 2717 hostentaret

289 2746 308 2779 b
327 2745 337 2790 ΙΙ
361 2747 399 2778 19
416 2756 489 2779 non
507 2743 694 2778 obsidione
717 2751 743 2777 Β
760 2744 770 2788 Η
799 2746 840 2777 20
867 2744 1091 2778 obduxerant
1114 2752 1139 2778 Β
1157 2743 1168 2789 Η
1186 2743 1216 2777 is
1230 2751 1256 2777 Β
1274 2743 1285 2788 ΙΙ
1304 2744 1346 2776 22
1372 2739 1535 2787 dyrrhaci
1557 2746 1583 2773 B
1599 2737 1611 2782 ΙΙ
1630 2748 1735 2782 quam
1758 2737 1814 2772 uis

288 2801 378 2835 situs
394 2809 419 2835 Β
437 2801 448 2846 Η
468 2802 508 2834 23
527 2799 662 2833 asiduis
679 2799 884 2843 inruptione
899 2808 923 2832 Β
941 2800 952 2844 Η
972 2802 1013 2833 24
1032 2804 1214 2833 scutumN
1229 2799 1239 2844 ΙΙ
1259 2801 1302 2833 26
1319 2797 1537 2843 gomphosN
1551 2794 1562 2839 ΙΙ
1581 2793 1653 2828 ntia
1666 2800 1699 2827 N
1713 2792 1725 2837 ss
1743 2803 1816 2827 cas-

288 2857 374 2891 tella
390 2868 445 2890 om
461 2865 486 2890 Β
503 2856 515 2901 ll
533 2855 702 2890 thesaliae
725 2863 750 2889 B
767 2855 779 2901 ΙΙ
797 2859 980 2888 uastarent
1003 2862 1033 2887 N
1051 2856 1060 2898 Ι]
1080 2856 1121 2887 27
1151 2859 1309 2888 necterre
1324 2862 1350 2887 B
1367 2853 1378 2898 ΙΙ
1396 2849 1622 2896 tergiuersari
1645 2848 1752 2883 simul
1774 2852 1816 2883 ut

290 2912 428 2946 hostem
453 2920 485 2945 N
507 2912 519 2957 ΙΙ
547 2914 590 2944 28
616 2915 840 2945 comeatuum
866 2919 890 2944 B
909 2910 919 2955 ll
938 2914 1086 2943 terreret
1108 2915 1219 2954 utque
1245 2907 1484 2943 ardentissimi
1508 2914 1541 2940 N
1555 2906 1566 2951 ΙΙ
1584 2908 1627 2940 30
1645 2903 1728 2939 duci
1743 2911 1778 2938 N
1791 2903 1804 2948 ΙΙ
