2002 3320
826 232 1090 267 PRAEFATIO.
1622 224 1745 261 VIIII

181 340 301 382 cibus
316 371 329 390 ,
365 339 466 381 inde
495 336 683 381 Parisios
702 336 795 378 iure
818 337 925 379 belli
953 341 1192 391 asportatus
1227 335 1401 376 tandem
1430 332 1744 387 Heidelbergae

183 410 373 452 redditus
384 417 463 452 est.
487 409 665 451 Florum
683 407 906 463 excipiunt
925 407 1063 448 inhoc
1073 405 1218 448 codice
1227 405 1329 447 folio
1342 408 1394 446 62
1403 411 1520 446 recto
1534 403 1744 458 epitomae

183 481 291 531 siue,
313 487 364 522 ut
382 479 452 521 hic
461 479 771 528 inscribuntur,
789 478 1014 533 periochae
1033 477 1240 518 librorum
1249 477 1300 518 T.
1316 475 1447 518 Liuii.
1473 474 1656 529 scriptus
1677 481 1742 516 est

182 551 286 593 satis
305 552 416 593 bene
436 549 668 591 maioribus
689 549 742 590 ab
761 548 888 590 initio
907 547 1079 598 litteris,
1103 561 1208 603 quas
1224 561 1374 588 uersus
1389 548 1522 587 finem
1540 544 1740 587 librarius

180 621 431 663 minutiores
451 620 596 662 minus
617 626 733 661 certa
752 626 795 661 et
813 620 938 661 firma
957 633 1091 660 manu
1109 617 1267 673 pinxit.
1300 617 1418 658 haud
1437 630 1532 658 raro
1553 616 1741 657 secunda

180 707 314 733 manu
333 697 520 733 correcta
539 697 641 732 sunt
662 704 773 744 quae
792 689 908 744 prior
927 688 1125 731 librarius
1146 687 1394 742 scripserat3
1429 688 1505 728 sed
1524 687 1631 728 haec
1651 701 1739 727 non

181 762 266 804 nisi
294 777 387 804 raro
408 762 654 803 adnotanda
673 760 852 816 putaui,
875 766 1105 814 postquam
1134 757 1420 799 animaduerti
1456 772 1556 799 eum
1577 756 1651 811 qui
1671 771 1739 798 co-

180 833 318 874 dicem
353 833 415 874 ita
441 831 690 873 retractauit
716 846 805 872 non
834 845 888 871 ex
917 829 1094 884 antiquo
1121 829 1230 871 libro
1259 830 1506 883 desumptas
1534 827 1739 869 lectiones

181 903 255 944 sed
284 902 549 944 coniecturas
589 901 860 956 adscripsisse
888 901 1141 955 plerumque
1169 899 1330 941 futiles.
1383 913 1453 940 eas
1483 898 1616 953 igit'ur
1643 905 1739 939 tum

180 973 269 1014 fere
303 972 632 1014 commemoraui
676 971 752 1013 ubi
779 971 922 1012 leuem
949 970 1137 1024 aliquem
1157 984 1340 1011 errorem
1360 976 1598 1010 correctum
1618 968 1737 1010 uide·

182 1058 273 1084 rem
286 1074 298 1092 ,
322 1050 372 1084 ut
391 1058 420 1097 p
443 1046 513 1092 99,
538 1046 590 1083 26
612 1040 890 1096 obequitantis
909 1047 1023 1081 recte
1043 1040 1252 1094 scriptum
1272 1047 1351 1085 est,
1363 1054 1440 1094 pro
1468 1039 1733 1094 obequitantis,

181 1114 294 1167 quod
314 1116 403 1154 BN
417 1112 602 1162 habent3
635 1126 664 1167 p
687 1115 757 1162 99,
783 1114 833 1150 27
857 1109 1125 1152 iactationem
1146 1110 1411 1160 restitutum,
1434 1125 1534 1151 cum
1555 1110 1740 1151 iectatio-

179 1198 272 1224 nem
293 1182 340 1224 in
359 1186 420 1233 N,
443 1183 673 1225 iatatonem
692 1182 739 1223 in
760 1187 799 1222 B
817 1182 1008 1236 legatur3
1041 1195 1070 1236 p
1097 1185 1191 1231 114,
1221 1185 1270 1222 13
1301 1180 1590 1231 res-mouebant,
1623 1181 1738 1234 quod

179 1260 376 1308 corrupte
415 1253 622 1295 exhibent
650 1257 758 1303 BN,
796 1259 911 1294 recte
944 1258 1162 1293 mutatum
1191 1258 1256 1293 est
1284 1252 1331 1293 in
1359 1252 1643 1293 reuomebant.
1687 1258 1736 1292 ut

178 1324 286 1365 haec
306 1339 329 1365 e
350 1323 597 1366 coniectura
615 1323 888 1378 potissimum
909 1329 1096 1364 correcta
1115 1323 1285 1364 credam
1310 1322 1414 1364 facit
1445 1324 1558 1376 quod
1578 1322 1626 1362 in
1647 1336 1736 1363 cor-

178 1394 359 1450 ruptelis
380 1394 627 1449 conspirant
647 1398 754 1443 BN,
785 1394 900 1434 unde
921 1393 1015 1434 iure
1036 1393 1145 1434 effici
1164 1400 1307 1449 potest
1334 1408 1404 1435 eas
1432 1392 1631 1434 omnibus
1663 1391 1738 1447 qui

178 1472 363 1506 aetatem
383 1465 576 1506 tulerunt
605 1463 822 1505 codicibus
857 1463 1116 1517 antiquiores
1147 1479 1253 1506 esse.
1294 1463 1362 1505 his
1384 1462 1572 1517 exceptis
1594 1460 1739 1502 omnia

182 1550 291 1590 quae
313 1535 359 1576 in
380 1535 525 1576 codice
554 1534 599 1575 N
602 1533 798 1575 azariano
810 1565 823 1584 ,
857 1548 986 1588 quem
1004 1538 1055 1575 N
1069 1534 1244 1584 notaui,
1275 1534 1480 1588 leguntur
1508 1531 1738 1586 diligenter

180 1605 387 1647 adnotaui
416 1619 556 1659 neque
584 1604 814 1659 quicquam
843 1604 981 1646 sciens
1018 1605 1253 1659 nolensque
1293 1603 1431 1645 omisi.
1476 1615 1737 1657 quamquam

179 1690 327 1716 uereor
346 1690 401 1716 ne
414 1707 427 1725 ‚
450 1690 550 1716 cum
571 1674 642 1715 hic
662 1676 797 1716 codex
816 1689 905 1716 non
926 1675 1083 1716 totiens
1104 1674 1295 1729 repetitis
1317 1673 1430 1715 curis
1450 1681 1735 1732 pertractatus

179 1745 234 1787 sit
253 1753 358 1800 quot
387 1745 694 1800 Bambergensi
724 1744 1022 1799 contigerunt,
1053 1747 1263 1799 quaedam
1292 1760 1361 1786 me
1391 1744 1588 1799 quamuis
1619 1743 1736 1798 operi

178 1816 397 1858 intentum
415 1816 621 1871 fugerint.
675 1831 770 1857 eam
801 1822 946 1857 tamen
974 1830 1121 1857 curam
1151 1816 1330 1857 adhibui
1357 1823 1432 1865 ut,
1474 1815 1735 1868 ubicumque

180 1886 416 1928 Salmasius
437 1886 510 1928 uel
530 1887 742 1928 Gruterus
764 1886 954 1941 aliquam
983 1887 1083 1928 libri
1111 1888 1154 1928 N
1158 1886 1343 1928 azariani
1362 1886 1592 1927 lectionem
1612 1887 1734 1927 adtu-

178 1958 347 2007 lerunt,
390 1957 481 2011 ipse
512 1957 703 1999 codicem
735 1958 879 1998 denuo
907 1957 1196 2007 consulerem,
1234 1957 1297 1998 ita
1325 1964 1374 1998 ut
1405 1958 1630 1998 adfirmare
1660 1971 1735 1997 au-

177 2029 302 2069 deam
311 2059 325 2078 ,
361 2027 471 2069 mihi
489 2028 634 2082 potius
653 2028 730 2070 ubi
760 2028 979 2070 dissensus
1009 2027 1066 2069 sit
1086 2043 1215 2083 quam
1235 2028 1322 2069 illis
1342 2029 1473 2069 fidem
1492 2027 1736 2068 habendam

178 2113 284 2139 esse.
326 2097 415 2139 iam
434 2113 537 2139 uero
557 2098 722 2140 nemini
743 2098 923 2139 dubium
944 2113 1035 2140 esse
1055 2105 1197 2153 potest
1233 2098 1339 2152 quin
1368 2099 1411 2139 N
1415 2098 1635 2139 azarianus
1667 2112 1735 2138 co-

178 2169 263 2210 dex
295 2168 423 2223 longe
458 2168 634 2210 inferior
669 2169 726 2210 sit
762 2168 1067 2224 Bambergensi
1080 2200 1092 2218 ,
1129 2183 1218 2209 non
1254 2175 1426 2210 tantum
1466 2169 1580 2222 quod
1615 2167 1736 2208 uitiis

178 2238 321 2292 qualia
341 2238 564 2280 admittere
586 2240 724 2281 solent
745 2239 909 2280 librarii
929 2239 1066 2293 magis
1086 2238 1338 2292 inquinatus
1360 2246 1424 2279 est
1437 2270 1449 2287 ,
1481 2239 1579 2287 sed,
1622 2237 1735 2291 quod
1782 2240 1785 2243 ’

178 2308 306 2362 longe
326 2309 500 2363 grauius
522 2317 586 2351 est
599 2342 611 2359 ‚
644 2310 746 2364 quia
766 2310 897 2350 uerba
917 2300 1134 2363 scriptoris
1155 2310 1208 2349 ab
1229 2309 1531 2363 interpolatore
1552 2308 1737 2362 quodam

180 2367 309 2433 longe
339 2379 536 2433 plurimis
570 2380 674 2421 locis
704 2380 883 2421 licenter
910 2379 1124 2420 inmutata
1152 2385 1455 2432 repraesentat.
1510 2379 1624 2432 quod
1661 2392 1738 2432 per

180 2450 376 2504 exempla
405 2450 695 2491 demonstrare
726 2465 813 2490 non
835 2463 942 2503 opus
963 2448 1161 2498 uidetur,
1193 2463 1294 2490 cum
1323 2464 1412 2490 una
1440 2463 1633 2503 quaeque
1662 2464 1735 2503 pa-

178 2519 280 2575 gina
299 2519 540 2560 luculenter
559 2521 722 2561 doceat.

294 2589 436 2631 Ceteri
471 2589 661 2639 codices,
700 2605 880 2644 quorum
914 2589 1068 2643 ingens
1102 2603 1307 2632 numerus
1343 2589 1387 2631 in
1420 2590 1619 2631 omnibus
1649 2590 1736 2631 fere

175 2658 466 2702 bibliothecis
485 2668 704 2710 seruatur,
743 2667 786 2701 et
820 2660 1073 2702 recentiores
1109 2667 1211 2702 sunt
1245 2660 1485 2701 Nazariano
1520 2667 1563 2701 et
1598 2661 1735 2701 multo

180 2729 316 2784 magis
347 2729 466 2771 uitiis
494 2730 763 2771 librariorum
798 2738 925 2785 atque
955 2730 1189 2772 licentiosis
1218 2730 1620 2784 interpolationibus
1650 2731 1735 2770 foe-

180 2799 283 2840 dati.
327 2800 407 2841 hoc
428 2807 518 2841 tam
538 2798 590 2842 d‘e
611 2801 810 2842 omnibus
831 2801 948 2842 ualet
987 2816 1092 2856 quos
1120 2801 1280 2855 priores
1309 2801 1491 2842 editores
1512 2799 1737 2840 consulue-

179 2877 306 2919 runt,
332 2878 380 2912 ut
401 2872 516 2925 apud
538 2871 766 2912 Dukerum
786 2871 930 2913 uidere
951 2872 1052 2912 licet
1063 2903 1077 2922 ,
1109 2884 1239 2925 quam
1268 2872 1320 2912 de
1341 2871 1401 2912 eis
1423 2885 1528 2924 quos
1550 2875 1625 2909 aut
1645 2868 1737 2922 ipse

180 2948 256 2981 aut
294 2954 369 2994 per
403 2941 560 2983 amicos
589 2941 798 2996 cognoui,
841 2941 1093 2983 Monacensi
1131 2940 1399 2983 Berolinensi
1438 2939 1738 2994 Guelphcrby·
