2002 3320
255 207 279 247 8
883 219 976 247 IVLI
998 220 1127 248 FLORI

254 318 492 372 acciperent
503 334 514 366 3
550 317 783 361 Quirinum
803 317 848 357 in
877 318 993 358 caelo
1014 317 1155 358 uocari
1167 334 1178 366 3
1203 317 1410 371 placitum
1429 317 1494 359 dis
1515 324 1564 359 ut
1582 318 1778 372 gentium
1799 319 1832 359 I

253 389 392 430 Roma
410 393 639 442 poteretur.

205 452 230 491 2
367 456 566 498 Succedit
587 456 773 497 Romulo
793 457 939 497 Numa
958 457 1219 511 Pompilius,
1251 471 1378 511 quem
1405 458 1588 499 Curibus
1611 458 1781 500 Sabinis

255 533 452 581 agentem
471 526 582 566 ultro
602 525 849 579 petiuerunt
869 527 922 566 ob
943 525 1137 566 inclitam
1155 525 1240 566 uiri
1267 527 1531 581 religionem.
1563 527 1636 569 ille
1665 542 1782 569 sacra

254 602 296 637 et
325 595 599 637 caerimonias
628 609 879 648 omnemque
907 595 1072 636 cultum
1101 596 1275 636 deorum
1301 596 1591 637 inmortalium
1619 596 1779 647 docuit,
1799 605 1819 637 5

254 666 328 707 ille
347 666 569 720 pontifices
592 679 774 719 augures
804 664 930 705 salios
951 671 1172 718 ceteraque
1194 665 1448 715 sacerdotia,
1472 681 1716 721 annumque
1735 666 1783 707 in

254 736 478 780 duodecim
497 749 680 784 menses,
703 734 833 775 fastos
855 734 944 775 dies
965 734 1235 788 nefastosque
1256 734 1501 789 descripsit,
1533 735 1606 776 ille
1627 736 1782 777 ancilia

255 793 392 859 adque
413 805 658 846 Palladium
670 835 683 853 ,
716 811 875 844 secreta
895 805 1104 858 quaedam
1122 804 1289 858 imperii
1307 804 1510 858 pignora,
1543 806 1781 860 Ianumque
1821 827 1825 830 ·

254 875 488 930 geminum,
512 874 662 915 Fidem
680 873 797 928 pacis
819 888 867 914 ac
886 873 1005 923 belli,
1028 873 1074 913 in
1094 873 1241 928 primis
1263 874 1406 915 focum
1425 875 1582 916 Vestae
1604 875 1780 929 uirgini-

252 946 333 986 bus
355 945 581 985 colendum
601 943 733 993 dedit,
752 950 800 984 ut
817 945 871 985 ad
887 943 1160 984 simulacrum
1176 944 1422 986 caelestium
1438 944 1625 985 siderum
1640 951 1782 986 custos
1812 953 1853 985 10

253 1014 420 1069 imperii
445 1014 617 1054 flamma
646 1013 865 1067 uigilaret:
898 1013 1002 1054 haec
1033 1013 1175 1054 omnia
1200 1015 1322 1067 quasi
1350 1014 1517 1055 monitu
1544 1015 1646 1054 deae
1674 1013 1797 1068 Ege—.

253 1084 356 1134 riae,
380 1099 463 1138 quo
482 1083 618 1137 magis
638 1083 806 1123 barbari
827 1083 1078 1137 acciperent.
1104 1098 1153 1124 eo
1174 1084 1356 1138 denique
1377 1084 1559 1125 ferocem
1577 1084 1784 1138 populum

255 1153 418 1208 redegit
438 1160 512 1202 ut,
547 1154 659 1206 quod
679 1153 725 1193 ui
746 1159 788 1194 et
807 1153 964 1194 iniuria
984 1160 1209 1208 occuparat
1228 1153 1468 1208 imperium,
1490 1154 1694 1208 religione
1711 1154 1782 1194 ad-

256 1238 338 1278 que
358 1222 522 1264 iustitia
541 1223 809 1277 gubernaret.

206 1297 233 1349 3
370 1292 542 1347 Excipit
564 1292 825 1346 Pompilium
843 1294 1033 1334 Numam
1054 1294 1207 1335 Tullus
1228 1293 1466 1343 Hostilius,
1498 1294 1567 1335 cui
1586 1294 1632 1334 in
1652 1294 1783 1335 hono·
1812 1301 1854 1333 15

256 1378 346 1404 rem
361 1362 534 1403 uirtutis
565 1376 745 1416 regnum
771 1363 883 1404 ultro
911 1364 1073 1404 datum.
1107 1363 1178 1404 hic
1209 1378 1377 1404 omnem
1403 1363 1631 1404 militarem
1658 1363 1782 1405 disci-

254 1433 418 1487 plinam
448 1439 663 1486 artemque
685 1432 927 1473 debellandi
946 1433 1149 1474 condidit.
1189 1433 1332 1487 itaque
1359 1432 1515 1474 mirum
1540 1432 1586 1473 in
1607 1434 1781 1474 modum

256 1502 441 1543 exercita
461 1502 688 1543 iuuentute
703 1516 931 1556 prouocare
949 1517 1078 1544 ausus
1098 1502 1305 1552 Albanos,
1327 1497 1503 1557 grauem
1523 1509 1565 1542 et
1581 1502 1655 1543 diu
1670 1502 1784 1556 prin-

256 1572 394 1626 cipem
412 1571 633 1627 populum.
669 1573 742 1612 sed
771 1586 868 1612 cum
887 1571 980 1627 pari
1008 1573 1154 1613 robore
1175 1571 1467 1626 frequentibus
1488 1571 1658 1626 proeliis
1679 1572 1781 1614 utri-

255 1656 337 1696 que
358 1641 769 1690 comminuerentur,
797 1641 926 1682 misso
945 1641 994 1682 in
1013 1642 1298 1696 conpendium
1324 1642 1453 1691 bello,
1477 1641 1672 1682 Horatiis
1694 1636 1778 1683 Cu—
1805 1649 1849 1682 20

252 1711 487 1765 riatiisque,
511 1711 748 1765 trigeminis
767 1711 869 1752 hinc
889 1712 1026 1765 adque
1046 1711 1145 1753 inde
1165 1711 1387 1762 fratribus,
1410 1711 1630 1765 utriusque
1650 1712 1798 1766 populi

253 1782 342 1823 fata
370 1781 575 1835 permissa
606 1788 719 1822 sunt.
755 1795 908 1834 anceps
938 1787 980 1821 et
1010 1781 1189 1835 pulchra
1217 1782 1432 1822 contentio
1462 1781 1663 1835 exituque
1691 1781 1784 1835 ipso

253 1851 473 1892 mirabilis.
509 1851 644 1891 tribus
673 1850 829 1905 quippe
857 1850 977 1891 illinc
1001 1851 1258 1901 uolneratis,
1289 1852 1391 1893 hinc
1421 1853 1586 1893 duobus
1616 1851 1791 1901 occisis,

255 1921 328 1975 qui
349 1928 565 1975 supererat
585 1920 793 1961 Horatius
815 1920 959 1961 addito
980 1922 1034 1961 ad
1064 1921 1270 1962 uirtutem
1299 1922 1421 1972 dolo,
1452 1929 1500 1963 ut
1530 1921 1783 1963 distraheret

254 1991 421 2032 hostem
441 1990 614 2031 simulat
633 1990 780 2044 fugam
800 1989 1097 2044 singulosque,
1120 1999 1247 2044 prout
1268 1992 1387 2045 sequi
1407 1999 1604 2046 poterant
1617 2023 1630 2041 ,
1663 1992 1781 2031 ador·
1809 1997 1852 2030 25

254 2068 324 2103 tus
345 2067 562 2115 exuperat.
598 2060 657 2101 sic
682 2085 733 2089 —-
754 2074 894 2102 rarum
915 2059 1019 2102 alias
1041 2061 1168 2101 decus
1192 2086 1235 2090 -
1259 2061 1387 2102 unius
1405 2076 1535 2101 manu
1556 2067 1678 2114 parta
1692 2059 1780 2100 uic-

256 2130 362 2172 toria
382 2137 460 2180 est,
484 2134 612 2184 quam
631 2130 704 2170 ille
723 2144 824 2170 mox
837 2129 1062 2183 parricidio
1082 2130 1287 2171 foedauit.
1322 2131 1496 2182 flentem
1517 2130 1653 2184 spolia
1672 2129 1782 2170 circa

254 2215 298 2242 se
320 2201 464 2255 sponsi
485 2200 670 2255 quidem,
695 2199 928 2250 set‘hostis,
952 2214 1134 2241 sororem
1154 2200 1333 2241 uiderat.
1358 2201 1474 2241 hunc
1491 2208 1578 2242 tam
1597 2200 1781 2240 inmatu-

252 2284 348 2312 rum
368 2286 552 2314 amorem
572 2270 750 2325 uirginis
767 2270 883 2311 ultus
905 2276 967 2312 est
982 2270 1105 2312 ferro.
1121 2270 1304 2312 citauere
1320 2270 1434 2325 leges
1450 2271 1585 2320 nefas,
1610 2278 1672 2311 set
1689 2270 1781 2310 abs-

255 2462 269 2493 1
290 2460 459 2506 placitum
477 2460 624 2494 desistat
640 2461 801 2505 gentium
817 2469 849 2494 N
865 2460 876 2506 ΙΙ
895 2462 913 2494 2
931 2464 1112 2506 poteretur
1130 2460 1200 2494 bN:
1218 2460 1394 2506 potiretur
1409 2469 1434 2495 B
1452 2461 1462 2507 ΙΙ
1483 2460 1680 2495 3successit
1694 2468 1714 2493 Ι
1730 2460 1740 2504 Η
1759 2462 1778 2493 6

253 2521 439 2562 ceteraque
457 2528 519 2562 per
537 2516 734 2550 sacerdotia
748 2525 799 2558 N,
820 2521 1006 2562 ceteraque
1022 2515 1145 2562 populi
1162 2516 1316 2551 Romani
1333 2516 1530 2551 sacerdotia
1548 2514 1743 2550 Salmasius
1762 2514 1773 2559 ΙΙ

251 2584 384 2606 annum
402 2583 543 2617 quoque
559 2580 591 2605 N
606 2572 617 2617 Η
637 2574 654 2605 7
674 2572 853 2618 discripsit
862 2572 939 2615 Nffi,
959 2572 1169 2618 conscripsit
1184 2573 1222 2606 ΙΡ
1241 2574 1252 2619 ΙΙ
1270 2573 1399 2607 ancilia
1410 2573 1440 2615 b,
1456 2571 1609 2607 anchilia
1624 2579 1649 2604 B
1667 2571 1677 2616 Ι]
1696 2573 1715 2604 8
1733 2570 1781 2604 ia-

250 2639 407 2673 numque
422 2628 615 2662 bifrontem
630 2636 650 2661 Ι
665 2627 676 2674 ss
695 2630 714 2661 9
732 2628 798 2662 hac
814 2628 899 2662 belli
914 2636 951 2670 B,
968 2633 1007 2677 ,et
1022 2628 1107 2662 belli
1120 2628 1158 2663 ΙΡ
1176 2628 1187 2674 Η
1209 2630 1246 2662 11
1267 2629 1334 2663 dea
1350 2629 1488 2674 egeriae
1496 2637 1537 2670 N,
1557 2626 1748 2672 egregiael
1765 2626 1776 2671 ΙΙ

253 2686 291 2718 13
310 2689 545 2730 occupauerat
559 2692 592 2718 N
607 2683 617 2729 Η
640 2686 677 2717 15
697 2684 835 2729 excepit
852 2692 871 2717 Ι
887 2684 897 2729 ΙΙ
916 2685 1094 2720 ῐιῑῖῐῐιειωΒ
1112 2685 1122 2731 ΙΙ
1140 2685 1264 2720 tullius
1273 2685 1338 2720 BIP
1356 2685 1367 2731 ss
1385 2685 1485 2719 cuius
1502 2684 1539 2718 in
1556 2683 1727 2717 honorem
1742 2691 1778 2725 B,

247 2740 351 2774 cuius
361 2741 495 2774 honore
512 2741 550 2774 ΙΡ
569 2740 580 2786 Η
602 2743 639 2774 17
659 2739 815 2775 bellandi
832 2747 880 2773 ΙΝ
896 2739 907 2784 ΙΙ
925 2740 1083 2775 instituit
1097 2749 1118 2774 Ι
1133 2741 1143 2787 ΙΙ
1166 2744 1205 2776 18
1223 2741 1378 2775 exercita
1392 2740 1472 2775 11¹N:
1491 2739 1663 2781 excitafl’,
1684 2750 1782 2773 exer-

248 2796 355 2830 citate
372 2804 396 2830 B
426 2796 436 2841 Η
470 2798 508 2830 19
526 2796 632 2831 armis
649 2801 685 2830 et
708 2795 851 2842 proeliis
867 2795 906 2830 IP
924 2795 936 2841 ss
954 2798 996 2829 23
1014 2796 1210 2831 uulneratis
1226 2805 1251 2831 B
1269 2798 1340 2843 {2024
1359 2796 1491 2831 oratius
1506 2804 1581 2830 BIN
1596 2795 1607 2841 ΙΙ
1626 2797 1667 2829 25
1686 2800 1785 2841 pote-

245 2857 327 2887 rant
342 2861 398 2886 Bl:
417 2857 556 2898 poterat
568 2853 617 2887 bN
634 2852 645 2898 ΙΙ
664 2854 706 2886 26
723 2855 845 2897 parata
864 2851 882 2884 b
901 2851 911 2897 Η
930 2854 971 2885 27
991 2864 1072 2886 nam
1089 2853 1232 2887 flentem
1245 2861 1262 2887 Ι
1279 2853 1290 2899 ΙΙ
1309 2855 1350 2887 29
1369 2851 1520 2897 uirginis
1538 2862 1693 2885 amorem
1708 2859 1741 2885 N
1756 2851 1767 2896 Η

245 2908 400 2944 citauere
415 2917 448 2942 N
454 2923 465 2941 .·
485 2913 524 2942 ut
540 2909 687 2943 auderet
702 2917 747 2944 BI
762 2909 772 2953 Η

1880 100 1888 108 ι

1924 243 1926 246 .
1934 101 1942 109 θ
1916 50 1920 53 ·
1921 0 1937 12 α,

1946 0 1959 40 vr<

1999 640 2002 649 .-
1998 599 2002 621 ..,
1999 535 2002 538 Δ
1995 494 2002 510 a>
1994 378 2002 480 ..ιαμ-Α.
1994 305 2002 364 ...ιΑ
1972 0 2002 289 -.n-mum
