2002 3320
285 247 301 285 1,
310 247 363 285 04
916 258 1009 287 1vL1
1030 259 1159 287 FLORI

279 363 358 406 est,
383 371 489 410 quae
508 355 666 395 lanceis
688 354 948 409 tragulisque
969 358 1136 398 confixa
1155 357 1269 397 inter
1287 371 1331 397 se
1353 357 1622 406 tenebantur,
1643 381 1697 387 —
1716 357 1810 398 foe--

280 427 384 466 dum
413 425 542 465 etiam
570 424 616 464 in
645 424 858 464 barbaros.
900 425 974 465 sed
1002 425 1202 466 uidelicet
1230 425 1454 467 uictoriam
1481 426 1803 480 desperantibus

282 494 460 547 Pompei
479 493 647 542 liberis,
680 494 853 534 Gneum
880 493 1040 547 proelio
1059 494 1312 548 profugum,
1346 509 1466 535 crure
1486 495 1700 545 saucium,
1733 497 1804 537 de-

281 571 391 604 serta
425 571 467 604 et
503 562 601 603 auia
642 569 860 603 tenentem
905 562 1139 604 Caesonius
1184 570 1288 617 aput
1322 564 1561 605 Lauronem
1599 565 1804 619 oppidum
1891 612 1897 618 Ι

280 639 554 681 consecutus,
584 639 849 686 pugnantem
881 632 1009 687 [adeo
1038 633 1230 672 nondum
1257 633 1531 688 desperabat]
1563 633 1799 684 interfecit3
1833 643 1854 675 5

282 703 462 743 Sextum
496 702 668 742 fortuna
702 701 749 742 in
778 701 1009 743 Celtiberia
1035 701 1209 742 interim
1243 701 1464 742 abscondit
1499 702 1676 757 aliisque
1708 710 1804 758 post

282 773 505 812 Caesarem
524 771 648 811 bellis
676 771 878 811 seruauit.
1618 819 1620 821 μ

409 841 564 882 Caesar
597 839 643 880 in
676 840 858 893 patriam
892 840 1028 881 uictor
1062 839 1306 889 inuehitur,
1348 839 1534 893 primum
1575 841 1628 881 de
1662 841 1808 883 Gallia

281 909 548 963 triumphum
578 909 776 968 trahens3
808 909 879 950 hic
909 916 998 950 erat
1028 909 1208 950 Rhenus
1240 916 1282 950 et
1313 909 1550 951 Rhodanus
1572 916 1615 951 et
1635 924 1688 951 ex
1708 924 1810 951 auro

280 979 475 1033 captiuus
497 980 708 1020 Oceanus.
743 979 874 1019 altera
901 979 1048 1019 laurus
1069 979 1305 1033 Aegyptia3
1340 986 1443 1020 tunc
1471 980 1518 1021 in
1537 979 1708 1021 ferculis
1728 979 1806 1021 Ni·
1837 987 1880 1020 10

278 1049 346 1092 lus
366 1048 548 1091 Arsinoe
569 1055 611 1089 et
632 1049 685 1089 ad
706 1047 979 1089 simulacrum
998 1047 1167 1102 ignium
1187 1050 1337 1089 ardens
1360 1050 1538 1090 Pharos.
1572 1049 1724 1090 tertius
1754 1050 1807 1090 de

281 1119 502 1159 Pharnace
522 1132 668 1158 currus
697 1125 739 1159 et
770 1119 924 1158 Ponto.
958 1124 1135 1171 quartus
1165 1118 1320 1158 Iubam
1349 1124 1391 1158 et
1419 1117 1736 1158 Mauretaniam
1765 1123 1809 1156 et

279 1188 344 1228 bis
367 1189 587 1228 subactam
617 1187 866 1227 ostendebat
895 1186 1169 1241 Hispaniam.
1219 1186 1440 1228 Pharsalia
1470 1193 1512 1227 et
1540 1186 1733 1239 Thapsos
1765 1191 1808 1225 et

281 1258 447 1297 Munda
485 1271 719 1310 nusquam3
767 1263 810 1296 et
849 1262 1007 1311 quanto
1045 1255 1204 1297 maiora
1243 1263 1388 1306 erant,
1439 1257 1491 1296 de
1530 1255 1684 1308 quibus
1718 1269 1807 1296 non

281 1326 595 1380 triumphabat!
1361 1336 1364 1339 ’
1837 1330 1882 1363 15
1926 1313 1933 1318 ⁷

392 1395 480 1438 Hie
501 1395 729 1449 aliquando
749 1395 847 1437 finis
869 1395 994 1437 armis
1022 1395 1126 1444 fuit3
1161 1395 1324 1449 reliqua
1352 1409 1438 1449 pax
1459 1394 1688 1444 incruenta
1706 1407 1809 1448 pen-

280 1473 503 1519 satumque
524 1465 751 1506 clementia
769 1466 947 1506 bellum.
981 1479 1106 1506 nemo
1127 1479 1274 1506 caesus
1295 1464 1471 1519 imperio
1499 1469 1667 1518 praeter
1684 1463 1809 1504 Afra-

280 1535 402 1575 nium
423 1534 553 1588 (satis
575 1534 799 1588 ignouerat
820 1535 978 1587 semel)
999 1541 1042 1575 et
1062 1535 1270 1575 Faustum
1291 1534 1457 1575 Sullam
1490 1534 1718 1586 (docuerat
1736 1545 1809 1586 ge-

280 1620 403 1646 neros
424 1605 573 1646 timere
593 1604 850 1658 Pompeius)
871 1604 1088 1658 filiamque
1110 1603 1287 1657 Pompei
1307 1610 1349 1644 et
1368 1603 1572 1657 paruulos
1602 1615 1656 1642 ex
1686 1601 1810 1643 Sulla

283 1675 371 1729 (hic
405 1673 583 1728 posteris
604 1674 867 1727 canebatur).
917 1674 1061 1727 itaque
1097 1688 1184 1714 non
1211 1672 1389 1726 ingratis
1411 1671 1576 1712 ciuibus
1597 1685 1742 1711 omnes
1762 1670 1810 1711 in
1836 1678 1882 1711 20

280 1744 518 1799 principem
538 1743 728 1802 congesti
748 1743 928 1784 honores
940 1775 953 1793 ‚
991 1743 1102 1784 circa
1122 1743 1282 1796 templa
1301 1740 1509 1795 imagines
1521 1771 1534 1790 ,
1566 1740 1613 1780 in
1642 1740 1810 1781 theatro

282 1814 484 1855 distincta
502 1812 632 1853 radiis
653 1826 830 1861 corona,
863 1819 1087 1866 suggestus
1117 1812 1164 1852 in
1184 1811 1326 1861 curia,
1357 1809 1578 1863 fastigium
1597 1808 1644 1855 in
1664 1810 1806 1859 d0m0,

281 1882 439 1922 mensis
461 1882 507 1921 in
527 1882 658 1931 caelo,
685 1883 737 1922 ad
757 1882 837 1922 hoc
858 1889 978 1936 pater
997 1882 1087 1936 ipse
1103 1881 1264 1935 patriae
1279 1886 1594 1935 perpetuusque
1610 1877 1807 1928 dictator,

281 1951 513 1992 nouissime
526 1982 538 2000 ,
569 1951 749 1991 dubium
770 1966 826 1991 an
845 1951 937 2005 ipso
957 1951 1129 1991 uolente
1142 1982 1155 1999 ,
1178 1951 1321 1991 oblata
1338 1963 1414 2004 pro
1434 1948 1580 1990 rostris
1601 1948 1654 1988 ab
1674 1947 1809 1987 Anto—

283 2020 355 2061 nio
376 2020 549 2060 consule
570 2020 690 2073 regni
710 2019 910 2073 insignia.
945 2034 1052 2073 quae
1073 2019 1216 2059 omnia
1236 2019 1356 2058 uelut
1376 2018 1538 2058 infulae
1558 2017 1605 2056 in
1625 2015 1809 2057 destina·
1837 2021 1880 2054 25

284 2099 372 2130 tam
391 2089 518 2129 morti
538 2089 759 2129 uictimam
787 2089 1135 2141 congerebantur.
1171 2087 1326 2140 quippe
1355 2085 1626 2126 clementiam
1654 2083 1810 2138 princi·

283 2159 348 2213 pis
370 2158 476 2199 uicit
496 2157 686 2207 inuidia,
708 2156 934 2211 granisque
955 2163 1043 2197 erat
1063 2155 1206 2197 liberis
1226 2155 1319 2209 ipsa
1337 2154 1639 2195 beneficiorum
1659 2158 1807 2206 poten-

285 2229 358 2268 tia.
392 2242 470 2268 nec
492 2227 652 2268 diutius
673 2226 805 2267 dilata
826 2225 1060 2267 coniuratio
1080 2231 1159 2274 est,
1183 2226 1256 2265 sed
1275 2226 1437 2264 Brutus
1458 2229 1501 2263 et
1520 2221 1692 2264 Cassius
1721 2220 1812 2262 alii-

286 2312 366 2353 que
395 2305 535 2353 patres
571 2310 818 2338 consensere
853 2294 900 2335 in
935 2295 1105 2336 caedem
1138 2293 1358 2353 principis.
1407 2299 1568 2348 quanta
1601 2291 1668 2333 uis
1698 2289 1805 2332 fati!

290 2480 303 2510 1
325 2478 456 2511 lanceis
473 2477 600 2521 scripsi
609 2491 620 2510 .·
645 2477 812 2523 plaustris
827 2484 864 2518 Β,
889 2475 971 2521 pilis
993 2482 1027 2508 N
1041 2474 1052 2520 {l
1070 2472 1265 2517 iaculisque
1281 2479 1311 2505 N
1328 2470 1339 2516 ΙΙ
1356 2473 1375 2504 3
1403 2480 1528 2504 cruore
1542 2476 1567 2502 Β
1584 2467 1596 2513 ΙΙ
1613 2467 1734 2501 saucio
1750 2474 1783 2500 N
1797 2465 1809 2511 ss

288 2535 307 2566 4
325 2532 446 2566 auium
463 2541 487 2566 Β
505 2533 516 2577 l}
543 2537 678 2566 tentem
707 2533 725 2565 b
739 2559 747 2574 ‚
775 2535 954 2577 petentem
979 2538 1012 2563 N
1026 2530 1037 2575 ss
1057 2532 1075 2563 5
1102 2527 1270 2562 interficit
1290 2535 1324 2562 N
1337 2526 1349 2572 n
1367 2529 1387 2560 6
1413 2529 1554 2560 sextum
1578 2523 1616 2557 in
1642 2521 1724 2556 celti
1739 2521 1811 2555 for-

287 2593 375 2623 tuna
391 2588 428 2622 in
447 2587 663 2621 celtiberiam
680 2596 712 2621 N
727 2588 738 2632 fl
758 2591 774 2621 7
793 2585 992 2621 reseruauit
1006 2594 1039 2619 N
1054 2585 1064 2630 Η
1082 2586 1102 2618 9
1119 2583 1340 2628 triumphum
1356 2579 1600 2615 transmiserat
1609 2577 1782 2611 rhenusN
1795 2574 1808 2620 H

291 2646 327 2676 11
349 2644 480 2689 pharus
496 2643 554 2688 Nu
575 2643 614 2675 12
633 2642 772 2675 farnace
788 2650 821 2675 N
835 2643 846 2687 Η
865 2653 989 2675 cursus
1006 2648 1039 2674 N
1053 2640 1064 2684 ΙΙ
1082 2650 1223 2673 mauros
1239 2646 1272 2672 N
1286 2637 1298 2682 [Ι
1318 2639 1358 2670 13
1376 2633 1612 2670 hostendebat
1635 2640 1660 2666 B
1677 2631 1689 2677 ΙΙ
1706 2630 1811 2676 phar-

289 2699 412 2733 saliam
427 2706 453 2733 Β
471 2699 482 2744 ΙΙ
499 2698 638 2732 tharsos
654 2705 687 2731 N
702 2697 712 2741 ΙΙ
735 2699 773 2730 14
792 2708 967 2742 nusquam
984 2708 1039 2729 om
1055 2703 1080 2729 B
1098 2695 1110 2740 ΙΙ
1131 2697 1170 2728 15
1196 2692 1465 2738 triumphabant
1480 2698 1505 2725 Β
1523 2690 1534 2735 ΙΙ
1555 2690 1594 2722 18
1611 2687 1736 2734 syllam
1753 2695 1777 2720 Β
1794 2686 1806 2731 ΙΙ

290 2754 463 2788 didicerat
480 2764 692 2798 generosum
710 2752 833 2786 timere
858 2751 1001 2796 filiaque
1024 2758 1057 2784 N
1071 2751 1082 2795 l}
1104 2752 1144 2783 19
1168 2760 1248 2783 eum
1271 2746 1445 2793 patruolis
1462 2743 1598 2780 exsulla
1612 2750 1653 2783 N,
1674 2746 1711 2775 et
1727 2753 1806 2786 par-

289 2811 395 2844 uulus
413 2809 531 2855 exylla
554 2817 578 2842 Β
595 2808 607 2854 ss
626 2811 667 2842 20
686 2818 807 2842 omnes
826 2818 929 2840 usum
947 2805 983 2839 in
1006 2813 1039 2839 N
1054 2805 1064 2851 ΙΙ
1083 2807 1122 2838 21
1149 2802 1347 2847 inmagines
1370 2810 1395 2835 Β
1412 2801 1423 2846 ΙΙ
1442 2802 1483 2834 24
1508 2798 1653 2832 uolente
1680 2810 1735 2831 om
1750 2805 1775 2830 Β
1793 2796 1806 2841 ΙΙ

290 2869 331 2901 26
356 2865 487 2900 mortui
503 2873 527 2898 Β
546 2865 556 2910 Η
575 2866 617 2897 28
635 2862 746 2898 dilata
762 2861 960 2897 coniuratio
977 2859 1146 2894 Ilalmius
1157 2872 1168 2891 .·
1193 2858 1304 2892 dilata
1319 2854 1514 2891 dominatio
1530 2862 1555 2888 B
1567 2879 1575 2895 ‚
1602 2852 1728 2887 uilatio
1746 2852 1809 2886 do-

290 2926 373 2956 nata
387 2929 418 2955 N
435 2921 445 2966 {1
464 2923 506 2954 29
524 2919 665 2965 patricii
681 2927 713 2952 N
726 2918 738 2963 Η
