2002 3320
325 248 340 286 1
353 247 403 286 10
969 257 1063 286 ivm
1084 257 1214 285 nom

319 357 391 399 hic
411 369 454 398 se
474 356 651 411 piratica
674 356 798 396 turba
818 362 961 409 turper
981 356 1185 397 Puteolos
1201 354 1392 396 Formias
1408 355 1690 404 Vulturnum,
1714 360 1850 396 totam

319 426 500 480 denique
520 425 802 479 Campaniam
818 424 994 466 Pontias
1011 431 1055 466 et
1067 425 1311 475 Aenariam,
1330 425 1424 478 ipsa
1444 423 1634 466 Tiberini
1656 423 1849 467 fluminis

321 511 391 537 ora
409 495 638 550 populatus
660 501 738 536 est.
763 494 942 536 subinde
962 508 1210 548 congressus
1231 493 1421 536 Caesaris
1441 507 1574 535 naues
1595 500 1638 534 et
1658 493 1850 536 incendit
1899 544 1901 546 Ι

321 573 363 607 et
379 565 597 614 demersit3
617 579 696 605 nec
711 564 802 620 ipse
817 571 1003 614 tantum,
1022 565 1095 606 sed
1106 565 1257 605 Menas
1270 570 1313 604 et
1328 563 1607 614 Menecrates,
1627 564 1753 605 foeda
1767 578 1851 606 ser-

320 635 442 685 uitia,
454 634 558 690 quos
570 635 695 677 classi
709 635 979 689 praefecerat,
998 633 1291 689 praedabundi
1300 647 1376 686 per
1385 632 1512 674 litora
1526 640 1681 675 cuncta
1691 633 1844 674 uolita·
1867 640 1888 672 5

317 706 436 747 bant.
457 706 509 747 ob
526 706 630 746 haec
647 711 709 746 tot
722 719 921 760 prospera
936 707 1109 745 centum
1123 703 1262 744 bubus
1280 702 1436 743 auratis
1447 703 1599 744 Peloro
1609 703 1752 745 litauit
1765 703 1849 758 spi-

318 783 566 830 rantemque
587 789 743 829 equum
764 789 862 816 cum
882 788 985 815 auro
1004 774 1051 814 in
1070 774 1227 815 fretum
1245 772 1386 823 misit,
1411 774 1523 814 dona
1541 774 1745 828 Neptuno
1758 805 1773 824 ,
1796 780 1846 815 ut

319 860 362 887 se
383 845 510 886 maris
531 851 667 886 rector
684 845 732 885 in
752 859 830 886 suo
849 843 957 885 mari
976 857 1152 898 regnare
1171 848 1401 897 pateretur.
1435 857 1484 884 eo
1505 843 1688 899 denique
1703 843 1848 884 discri-

318 915 488 955 minum
535 922 716 956 uentum
753 921 817 956 est
854 920 904 955 ut
930 914 1079 955 foedus
1109 919 1152 955 et
1179 927 1265 967 pax
1294 926 1393 965 cum
1421 913 1543 955 hoste
1570 936 1628 945 --
1662 913 1698 954 si
1726 913 1852 955 modo

319 984 453 1026 hostis
475 983 655 1038 Pompei
674 982 789 1023 filius
810 1005 858 1012 -—
881 990 1025 1025 tamen
1054 983 1262 1024 feriretur.
1296 989 1505 1037 quantum
1525 983 1595 1035 id,
1630 983 1705 1024 sed
1722 983 1854 1024 breue
1880 991 1923 1023 10

319 1054 526 1109 gaudium
555 1053 639 1094 fuit
651 1084 664 1103 ,
697 1067 795 1093 cum
822 1053 870 1094 in
894 1053 1050 1096 Baiani
1076 1053 1211 1095 litoris
1241 1055 1352 1094 mole
1374 1055 1426 1095 de
1445 1053 1586 1095 reditu
1606 1052 1698 1094 eius
1719 1060 1762 1095 et
1780 1054 1852 1095 bo-

317 1138 471 1166 norum
498 1122 768 1165 restitutione
798 1123 1025 1173 conuenit,
1058 1138 1240 1178 cumque
1269 1123 1484 1165 inuitante
1514 1123 1607 1177 ipso
1626 1122 1674 1163 in
1693 1136 1852 1164 nauem

320 1194 581 1236 discubitum
610 1197 697 1241 est,
729 1198 771 1232 et
800 1191 874 1249 ille
901 1199 1055 1234 sortem
1082 1208 1204 1235 suam
1231 1193 1491 1248 increpitans
1515 1188 1616 1234 ‘hae
1643 1187 1757 1233 sunt²
1787 1192 1852 1233 in-

319 1263 413 1317 quit
428 1258 614 1304 ‘carinae
633 1256 780 1303 meae'.
813 1262 920 1303 haut
939 1262 1186 1313 incomiter,
1217 1265 1352 1318 quod,
1376 1277 1476 1305 cum
1503 1263 1548 1304 in
1579 1262 1851 1304 celeberrima

317 1340 438 1388 parte
459 1333 574 1375 urbis
595 1331 763 1374 Carinis
782 1324 903 1385 pater
923 1332 1012 1374 eius
1033 1333 1290 1383 habitasset,
1319 1332 1454 1387 ipsius
1485 1333 1637 1374 domus
1657 1339 1700 1374 et
1719 1346 1849 1387 pena·
1875 1340 1917 1373 1⁵

318 1409 382 1444 tes
410 1403 456 1443 in
476 1402 580 1443 naui
610 1403 857 1456 penderent.
905 1403 978 1443 sed
1004 1402 1315 1457 inportunitate
1344 1400 1525 1443 Antonii
1556 1407 1599 1442 et
1626 1402 1850 1458 Pompeia-

318 1486 472 1513 norum
490 1473 716 1521 bonorum,
739 1485 920 1526 quorum
940 1479 1077 1513 sector
1095 1473 1169 1514 ille
1188 1473 1340 1522 fuerat,
1363 1472 1520 1527 praeda
1533 1472 1739 1514 deuorata
1751 1485 1848 1527 pos-

320 1541 449 1583 sessio
477 1556 647 1584 manere
684 1556 772 1582 non
800 1548 987 1595 poterat:
1022 1544 1253 1584 detrectare
1282 1542 1420 1597 coepit
1448 1541 1628 1583 foederis
1658 1549 1847 1598 pactum.

319 1612 464 1666 itaque
482 1612 593 1653 itum
613 1613 666 1653 ad
687 1602 802 1653 arma
822 1626 967 1653 rursus
980 1644 993 1662 ,
1026 1621 1069 1654 et
1097 1613 1184 1655 iam
1211 1612 1310 1654 totis
1331 1611 1499 1667 imperii
1518 1611 1681 1654 uiribus
1704 1611 1851 1654 classis

319 1682 363 1722 in
385 1682 588 1723 iuuenem
609 1688 837 1736 conparata
857 1689 943 1733 est,
976 1683 1096 1724 cuius
1121 1682 1286 1724 molitio
1305 1682 1399 1737 ipsa
1417 1681 1661 1736 magnifica.
1693 1681 1850 1736 quippe
1875 1689 1920 1723 20

319 1752 517 1793 interciso
547 1752 821 1793 Herculanae
841 1751 936 1793 uiae
965 1751 1102 1793 limite
1132 1752 1383 1806 refossisque
1411 1752 1607 1793 litoribus
1635 1751 1850 1794 Lucrinus

320 1823 437 1863 lacus
467 1827 657 1862 mutatus
687 1822 734 1862 in
771 1828 943 1876 portum
976 1822 1099 1876 eique
1136 1822 1371 1877 interrupto
1407 1821 1547 1863 medio
1589 1821 1758 1863 additus
1788 1827 1852 1862 est

318 1892 544 1940 Auernus,
575 1898 624 1933 ut
654 1891 701 1932 in
726 1892 802 1933 illa
824 1907 1030 1946 aquarum
1058 1892 1198 1946 quiete
1229 1892 1374 1935 classis
1404 1891 1590 1934 exercita
1609 1891 1841 1945 imaginem

318 1960 421 2002 belli
448 1960 614 2002 naualis
645 1962 837 2016 agitaret.
877 1969 998 2003 tanta
1026 1963 1138 2003 mole
1165 1962 1269 2003 belli
1297 1962 1457 2017 petitus
1486 1961 1534 2002 in
1565 1960 1708 2003 Siculo
1737 1961 1845 2002 freto

319 2030 488 2071 iuuenis
509 2045 734 2085 oppressus
755 2038 819 2073 est
829 2063 843 2082 ,
874 2032 1102 2086 magnique
1131 2032 1289 2072 famam
1309 2032 1428 2073 ducis
1450 2032 1504 2072 ad
1526 2031 1683 2071 inferos
1703 2022 1849 2072 secum
1872 2038 1917 2071 25

321 2099 513 2150 tulisset,
545 2100 582 2142 si
611 2101 723 2142 nihil
749 2108 999 2155 temptasset
1018 2100 1197 2142 ulterius
1209 2116 1220 2149 3
1254 2100 1338 2141 nisi
1359 2101 1472 2154 quod
1491 2112 1673 2153 magnae
1692 2099 1850 2140 indolis

323 2169 495 2223 signum
515 2177 579 2211 est
600 2185 766 2225 sperare
787 2185 964 2226 semper.
997 2169 1172 2224 perditis
1200 2170 1315 2211 enim
1334 2171 1458 2211 rebus
1478 2169 1665 2224 profugit
1683 2169 1850 2210 Asiam-

323 2254 403 2293 que
424 2240 533 2282 uelis
562 2240 696 2294 petit,
728 2246 935 2282 uenturus
963 2240 1024 2281 ibi
1056 2240 1101 2281 in
1129 2254 1282 2282 manus
1310 2240 1502 2282 hostium
1530 2245 1573 2280 et
1599 2241 1769 2281 catenas
1789 2246 1850 2289 et,

326 2477 338 2508 1
362 2475 419 2509 hic
437 2487 474 2509 se
490 2476 605 2520 pirata
621 2475 758 2510 naualis
774 2483 808 2509 N
828 2476 964 2510 omissis
979 2477 1101 2511 medus
1122 2478 1231 2510 1-24
1249 2476 1261 2522 11
1276 2477 1439 2521 fortasse
1464 2475 1523 2510 hic
1539 2486 1576 2510 se
1593 2474 1708 2521 pirata
1723 2474 1847 2509 tueba-

321 2535 393 2565 tur.
428 2536 511 2576 post
526 2531 696 2565 Puteolos
715 2532 726 2577 11
743 2536 864 2567 tonam
882 2541 906 2566 Β
924 2533 934 2578 11
954 2535 973 2566 2
992 2537 1028 2566 et
1044 2533 1215 2567 tenariam
1231 2540 1256 2567 B
1274 2532 1285 2578 11
1305 2535 1324 2566 3
1353 2543 1562 2578 congressas
1586 2539 1611 2566 B
1628 2531 1640 2578 11
1659 2533 1679 2564 4
1703 2530 1847 2566 emersit

321 2595 346 2621 B
363 2586 375 2633 11
391 2598 533 2621 mensas
560 2595 585 2621 Β
603 2587 614 2632 11
632 2589 842 2622 menecratis
866 2588 1010 2622 foedera
1037 2588 1056 2621 b
1081 2588 1092 2634 11
1122 2591 1141 2621 5
1164 2587 1411 2634 praedabundi
1434 2587 1627 2622 Halmius.-
1651 2585 1846 2632 praebendi

321 2651 346 2677 Β
363 2642 375 2688 11
394 2645 412 2676 ’7
430 2642 498 2677 hoe
514 2642 691 2688 putabant
699 2647 785 2687 post
797 2643 971 2689 Neptuno
987 2644 1058 2678 add
1070 2652 1096 2679 B
1108 2670 1116 2686 ,
1145 2645 1201 2679 del
1214 2645 1398 2690 Ilaupbius
1416 2644 1427 2690 11
1446 2646 1465 2678 9
1483 2649 1525 2678 ut
1540 2654 1611 2689 pax
1634 2649 1660 2676 B
1677 2641 1690 2686 ss
1710 2642 1748 2674 11
1767 2641 1846 2675 red-

323 2699 401 2734 ditu
416 2707 442 2734 Β
459 2698 471 2744 11
492 2700 531 2733 13
549 2698 676 2743 inquid
692 2706 717 2732 B
734 2699 745 2744 11
767 2701 807 2732 14
825 2704 887 2734 aut
902 2708 926 2734 Β
945 2700 955 2744 11
977 2702 1017 2734 15
1035 2705 1203 2745 paenates
1219 2709 1244 2735 Β
1262 2701 1273 2746 11
1294 2703 1336 2735 16
1353 2701 1619 2747 inportumanes
1638 2705 1664 2731 B
1681 2697 1692 2743 11
1713 2699 1752 2731 17
1772 2708 1846 2731 sec-

248 2793 250 2795 ,
322 2761 379 2789 tor
396 2755 415 2789 b
427 2769 439 2789 :
463 2752 617 2790 sectator
631 2762 656 2789 Β
674 2754 684 2800 11
703 2755 832 2800 praede
848 2763 873 2789 B
891 2755 901 2799 11
923 2756 963 2788 19
989 2755 1079 2790 itum
1103 2757 1296 2791 Halmius:
1322 2757 1421 2791 inille
1446 2765 1471 2791 B
1487 2755 1499 2801 11
1517 2759 1553 2789 et
1569 2753 1607 2788 in
1623 2752 1708 2787 totis
1724 2761 1750 2787 B
1766 2752 1779 2798 11
1799 2754 1840 2788 23

324 2811 556 2857 illaequarum
572 2819 597 2846 Β
614 2811 625 2857 11
644 2813 686 2845 25
706 2821 892 2856 opraessus
907 2818 932 2844 Β
950 2810 961 2855 11
979 2812 1049 2845 fam
1066 2812 1124 2858 Ν1Ι
1143 2815 1186 2847 26
1210 2813 1361 2847 ulterius
1382 2811 1472 2847 nihil
1498 2810 1566 2845 nisi
1591 2816 1623 2843 N
1638 2809 1650 2855 11
1668 2811 1709 2843 27
1728 2808 1844 2855 pordi-

324 2867 434 2902 disset
449 2875 482 2901 N
495 2867 506 2913 11
524 2867 645 2913 progit
659 2874 690 2901 N
705 2867 716 2913 11
735 2869 776 2901 25
794 2871 924 2901 uentus
939 2874 964 2900 Β
982 2867 992 2912 11
1010 2869 1173 2902 manibus
1190 2877 1215 2902 Β
1233 2869 1243 2914 11
