2002 3320
849 228 1046 258 ΕΡῐΤοΜΑ
1067 228 1100 266 1,
1127 224 1159 256 1.
1751 218 1775 258 7

190 330 222 370 I
235 329 301 384 gis
322 341 451 384 quam
469 327 619 369 urbem
637 326 815 369 fecerat:
840 327 1004 370 incolae
1020 329 1209 369 deerant.
1242 335 1331 369 erat
1346 328 1391 368 in
1407 328 1600 383 proximo
1620 328 1744 371 lucus
1759 346 1770 379 ;

233 400 350 441 hunc
370 398 537 453 asylum
555 396 682 447 facit,
713 404 756 438 et
785 398 932 439 statim
958 398 1066 439 mira
1085 397 1153 439 uis
1174 397 1422 439 hominum:
1456 398 1602 440 Latini
1622 399 1772 441 Tusci-

233 483 316 524 que
334 475 539 524 pastores,
565 467 740 522 quidam
755 467 886 509 etiam
902 467 1190 518 transmarini,
1210 468 1401 523 Phryges
1417 468 1493 523 qui
1510 469 1590 510 sub
1605 469 1768 519 Aenea,

232 539 417 580 Arcades
438 537 514 592 qui
541 538 620 579 sub
642 537 844 580 Euandro
875 540 984 580 duce
1012 538 1288 580 influxerant.
1334 537 1397 579 ita
1424 552 1477 579 ex
1497 539 1627 580 uariis
1648 540 1771 594 quasi

195 617 216 649 5
232 607 453 650 elementis
490 607 769 663 congregauit
803 623 955 663 corpus
990 622 1151 659 unum,
1195 608 1489 663 populumque
1524 609 1771 650 Romanum

231 678 323 733 ipse
341 678 443 720 fecit
462 692 551 719 rex.
583 686 673 719 erat
692 678 823 720 unius
844 679 996 720 aetatis
1015 679 1202 734 populus
1223 678 1427 720 uirorum.
1460 678 1605 732 itaque
1625 679 1770 720 matri-

230 748 376 789 monia
402 763 428 789 a
455 748 651 790 finitimis
678 748 814 803 petita
853 749 954 803 quia
986 763 1076 791 non
1103 749 1430 804 inpetrabantur
1440 780 1453 799 ,
1483 762 1618 790 manu
1646 756 1772 804 capta

233 826 349 861 sunt.
375 819 587 860 simulatis
607 818 766 873 quippe
786 819 900 861 ludis
922 819 1189 874 equestribus
1209 818 1399 874 uirgines
1411 850 1424 869 ‚
1448 833 1557 873 quae
1578 820 1631 860 ad
1653 833 1769 874 spec-

231 890 423 931 taculum
441 895 664 939 uenerant‚
686 890 866 943 praedae
885 889 1018 930 fuere.
1042 896 1086 931 et
1104 890 1210 931 haec
1231 889 1377 931 statim
1396 903 1524 931 causa
1542 889 1766 931 bellorum.

164 967 206 1000 10
232 959 349 1014 pulsi
379 959 602 1014 fugatique
633 958 850 1001 Veientes.
894 958 1230 1001 Caeninensium
1257 966 1434 1014 captum
1469 973 1517 1000 ac
1555 959 1770 1014 direptum

228 1037 298 1071 est
317 1029 537 1084 oppidum.
572 1028 709 1083 spolia
726 1028 903 1083 insuper
923 1027 1066 1082 opima
1085 1029 1137 1070 de
1157 1043 1256 1083 rege
1275 1030 1448 1083 Agrone
1464 1027 1651 1073 Feretrio
1672 1029 1770 1071 Ioui

232 1099 429 1141 manibus
457 1097 546 1140 suis
574 1111 650 1138 rex
675 1098 924 1152 reportauit.
961 1098 1132 1140 Sabinis
1155 1098 1348 1154 proditae
1370 1105 1517 1153 portae
1544 1113 1619 1153 per
1639 1099 1769 1154 uirgi-

231 1183 331 1210 nem
347 1167 572 1223 Tarpeiam
586 1168 775 1209 nomine.
796 1168 939 1210 dolose
954 1168 1101 1223 puella
1115 1168 1302 1224 pretium
1310 1168 1372 1209 rei
1380 1183 1489 1223 quae
1499 1170 1704 1223 gerebant
1724 1169 1770 1209 in

233 1238 416 1281 sinistris
436 1237 673 1293 petiuerat,
697 1237 879 1279 dubium
899 1238 1057 1293 clipeos
1079 1253 1132 1279 an
1156 1238 1344 1280 armillas
1355 1255 1368 1288 3
1393 1238 1486 1288 illi,
1509 1246 1559 1280 ut
1578 1246 1622 1280 et
1641 1240 1770 1280 fidem

164 1318 205 1351 15
232 1309 447 1351 soluerent
475 1315 519 1349 et
552 1307 885 1358 ulciscerentur,
923 1308 1071 1363 clipeis
1101 1310 1291 1350 obruere.
1331 1309 1394 1350 ita
1428 1309 1623 1351 admissis
1658 1309 1772 1350 intra

231 1378 400 1421 moenia
419 1378 631 1428 hostibus,
654 1385 775 1419 atrox
794 1378 841 1419 in
861 1378 955 1433 ipso
973 1378 1064 1420 foro
1082 1393 1247 1433 pugna,
1271 1380 1375 1420 adeo
1396 1386 1446 1420 ut
1467 1380 1680 1421 Romulus
1702 1380 1770 1421 Io-

233 1463 332 1490 uem
359 1455 520 1498 oraret,
557 1449 725 1490 foedam
759 1462 935 1489 suorum
963 1447 1111 1502 fugam
1140 1448 1307 1490 sisteret
1318 1465 1330 1498 3
1362 1449 1465 1490 hinc
1493 1449 1701 1503 templum
1729 1456 1772 1490 et

234 1519 378 1560 Stator
398 1518 606 1573 Iuppiter.
627 1519 801 1559 tandem
819 1518 1062 1559 furentibus
1078 1517 1346 1560 inter-uenere
1366 1528 1512 1574 raptae
1531 1519 1681 1560 lace'ris
1703 1533 1770 1560 co-

233 1588 329 1630 mis.
369 1588 430 1630 sic
456 1603 543 1643 pax
570 1588 684 1629 facta
710 1602 810 1629 cum
830 1588 956 1629 Tatio
976 1588 1210 1643 foedusque
1229 1603 1504 1643 percussum,
1543 1595 1771 1643 secutaque

161 1667 205 1699 20
229 1673 295 1700 res
314 1658 423 1699 mira
442 1658 586 1708 dictu,
619 1665 670 1699 ut
697 1657 857 1700 relictis
879 1658 1051 1700 sedibus
1072 1658 1161 1699 suis
1190 1673 1350 1700 nouam
1377 1659 1423 1699 in
1452 1659 1601 1700 urbem
1627 1647 1771 1700 hostes

230 1729 516 1784 demigrarent
536 1735 578 1770 et
598 1743 698 1770 cum
716 1728 884 1783 generis
913 1727 1002 1770 suis
1023 1728 1163 1770 auitas
1193 1743 1293 1783 opes
1322 1743 1399 1783 pro
1426 1730 1524 1770 dote
1544 1728 1768 1770 sociarent.

232 1799 369 1841 auctis
384 1798 507 1840 breui
526 1799 706 1848 uiribus,
730 1799 847 1839 hunc
866 1812 942 1839 rex
957 1798 1296 1853 sapientissimus
1313 1806 1474 1840 statum
1493 1800 1554 1840 rei
1574 1800 1772 1855 publicae

232 1868 444 1923 inposuit:
469 1868 673 1910 iuuentus
694 1868 835 1910 diuisa
853 1883 929 1923 per
949 1868 1085 1910 tribus
1106 1869 1152 1910 in
1173 1869 1293 1924 equis
1324 1876 1367 1911 et
1396 1869 1524 1911 armis
1555 1871 1610 1912 ad
1630 1870 1772 1912 subita

231 1939 335 1980 belli
355 1939 608 1988 excubaret,
641 1938 870 1980 consilium
900 1938 962 1979 rei
990 1939 1188 1992 publicae
1215 1954 1346 1994 penes
1376 1954 1498 1981 senes
1529 1947 1664 1990 esset,
1697 1941 1771 1995 qui

161 2017 205 2049 25
233 2023 286 2050 ex
315 2008 567 2050 auctoritate
595 2016 736 2064 patres
749 2040 762 2058 ,
795 2009 849 2050 ob
879 2015 1063 2050 aetatem
1091 2016 1264 2052 senatus
1295 2011 1574 2052 uocabantur.
1615 2011 1683 2052 his
1710 2011 1773 2053 ita

232 2078 437 2121 ordinatis
474 2086 675 2134 repente,
717 2093 817 2120 cum
852 2078 1096 2120 contionem
1132 2079 1307 2121 haberet
1344 2087 1444 2122 ante
1479 2082 1628 2122 urbem
1667 2087 1772 2135 aput

231 2150 395 2204 Caprae
414 2149 642 2204 paludem,
677 2164 700 2191 e
720 2157 952 2204 conspectu
973 2149 1143 2191 ablatus
1173 2157 1252 2191 est.
1296 2150 1555 2205 discerptum
1586 2150 1719 2205 aliqui
1748 2165 1773 2191 a

232 2226 384 2260 senatu
402 2227 560 2274 putant
579 2220 633 2261 ob
654 2220 843 2274 asperius
863 2219 1088 2274 ingenium
1098 2227 1113 2268 ;'
1131 2221 1210 2266 sed
1230 2221 1378 2261 oborta
1398 2227 1626 2274 tempestas
1651 2219 1771 2261 solis-

234 2284 316 2341 que
336 2289 516 2330 defectio
544 2289 872 2331 consecrationis
901 2288 1086 2343 speciem
1112 2290 1357 2343 praebuere.
1401 2290 1471 2330 cui
1501 2304 1602 2331 mox
1632 2289 1771 2331 Iulius

163 2366 207 2397 30
236 2358 441 2398 Proculus
461 2359 589 2400 fidem
608 2359 732 2409 fecit,
756 2359 900 2400 uisum
916 2374 941 2400 a
956 2373 1000 2399 se
1021 2359 1257 2400 Romulum
1279 2360 1506 2401 adfirmans
1528 2360 1772 2414 augustiore

234 2427 367 2468 forma
414 2442 543 2481 quam
579 2429 751 2478 fuisset3
795 2429 997 2469 mandare
1034 2436 1251 2484 praeterea
1294 2438 1343 2470 ut
1394 2445 1436 2471 se
1473 2445 1549 2485 pro
1594 2430 1771 2471 numine

228 2644 248 2674 3
267 2640 375 2686 friges
390 2649 467 2676 BIN
481 2642 492 2687 Η
510 2645 530 2676 6
547 2654 610 2676 rex
626 2642 688 2676 11⁰:
706 2653 762 2677 res
778 2642 872 2677 Bth
887 2643 898 2689 Η
917 2645 935 2677 7
955 2655 1046 2678 aom
1062 2643 1115 2689 ΒΗ
1133 2645 1154 2678 9
1181 2648 1217 2678 et
1233 2655 1287 2678 om
1311 2653 1330 2679 Ι
1352 2644 1363 2690 Η
1386 2647 1425 2679 10
1444 2645 1602 2679 dirutum
1631 2653 1663 2679 N
1685 2645 1695 2689 Η
1734 2646 1766 2678 ll

234 2709 367 2743 agroue
384 2710 440 2733 om
455 2707 487 2733 N
503 2698 514 2744 Η
536 2700 575 2733 12
584 2699 814 2745 reportabitB
832 2700 843 2745 Η
865 2701 904 2733 13
914 2700 1150 2746 tarpeiamom
1165 2708 1198 2734 N
1213 2701 1224 2746 Η
1241 2701 1399 2736 nomine.
1419 2701 1541 2736 dolose
1558 2701 1677 2747 puella
1686 2700 1772 2734 scri-

230 2753 311 2798 psi:
329 2766 402 2789 non
420 2755 504 2790 dolo
514 2755 579 2790 sed
594 2755 713 2801 puella
726 2764 782 2798 BI,
801 2767 867 2790 nec
883 2755 985 2791 dolos
1002 2757 1065 2791 sed
1081 2756 1199 2803 puella
1214 2765 1247 2791 N
1261 2757 1272 2802 Η
1295 2759 1332 2791 14
1352 2757 1529 2803 petierant
1544 2765 1577 2790 N
1592 2757 1602 2801 Η
1624 2759 1662 2790 15
1681 2761 1717 2790 et
1733 2761 1773 2790 ut

236 2809 268 2851 b,
286 2814 328 2844 ut
342 2810 399 2845 del
413 2819 439 2846 B
462 2812 473 2855 Η
495 2814 533 2846 17
552 2811 636 2846 hinc
652 2820 698 2846 BI
706 2812 794 2848 :fiio
812 2812 865 2847 bN
878 2812 891 2858 Η
912 2814 952 2847 18
969 2812 1171 2848 furentibus
1187 2821 1232 2848 B:
1252 2813 1436 2849 funeribus
1453 2821 1470 2846 1
1481 2838 1489 2853 ,
1509 2812 1727 2846 sevientibus
1744 2819 1774 2845 N

240 2866 251 2910 Η
270 2867 310 2899 21
338 2867 467 2903 *abitas
482 2876 508 2902 B
525 2868 537 2914 Η
556 2870 598 2902 22
615 2869 736 2903 statim
754 2869 774 2903 b
792 2869 802 2914 Η
821 2871 862 2904 23
882 2869 971 2904 etin
987 2869 1093 2904 armis
1109 2877 1142 2903 N
1156 2871 1167 2915 Η
1187 2871 1228 2903 24
1244 2869 1337 2904 bella
1352 2878 1369 2902 1
1393 2869 1403 2913 Η
1432 2871 1473 2902 25
1492 2868 1537 2902 ab
1554 2872 1669 2902 aetate
1688 2868 1725 2901 l'’
1743 2868 1754 2913 Η

235 2922 429 2958 uocabatur
445 2925 508 2958 ΒΙΡ
527 2924 538 2970 Η
556 2927 599 2959 26
617 2937 696 2959 cum
713 2931 859 2971 repente
875 2934 908 2960 N
923 2925 933 2970 Η
952 2928 992 2960 27
1013 2926 1161 2970 paludes
1179 2934 1196 2959 1
1213 2926 1223 2970 Η
1243 2921 1423 2970 paludem‘
1441 2933 1465 2958 B
1483 2924 1494 2968 Η
1513 2923 1651 2958 albatus
1669 2932 1694 2957 B
1711 2923 1722 2969 Η
1766 2923 1786 2939 '¹
