2002 3320
141 1154 190 1189 10.

142 1669 183 1700 15

138 2179 182 2212 2⁰

634 251 834 281 Bru-om
853 251 907 288 11,
931 245 1080 280 24-29
1105 239 1215 295 [1111‚
1241 239 1318 296 12].
1673 243 1753 283 117

213 369 315 396 nere
329 356 574 409 potuerunt.
592 365 682 393 non
697 350 927 393 minimum
944 350 1113 393 terroris
1129 351 1312 394 incussit
1325 352 1517 395 barbaris
1531 353 1753 396 Comidius

216 422 406 466 centurio
433 421 535 464 satis
564 422 793 472 barbarae,
825 421 1007 463 efficacis
1030 429 1178 464 tamen
1198 430 1303 478 aput
1323 423 1429 466 tales
1449 423 1646 466 homines
1668 431 1752 466 sto-

213 492 392 536 liditatis
404 524 418 542 ,
455 491 530 547 qui
566 492 757 533 foculum
784 507 936 547 gerens
966 506 1094 547 super
1122 493 1354 544 cassidem,
1392 493 1604 549 agitatum
1631 502 1754 537 motu

212 562 411 618 corporis,
434 563 654 604 flammam
672 563 795 604 uelut
815 562 981 604 ardenti
1001 562 1139 618 capite
1159 563 1419 606 funditabat.

538 733 741 775 XXVII.
774 732 1022 778 BELLVM
1044 733 1425 776 THRACICVM.

211 866 396 907 Thraces
418 871 544 906 antea
563 879 688 920 saepe
708 872 751 906 et
772 872 865 906 tum
892 866 1078 908 maxime
1100 866 1406 908 Rhoemetalce
1433 880 1532 921 rege
1561 866 1749 908 desciue-

211 943 321 977 rant.
347 935 420 976 ille
434 935 633 976 barbaros
650 942 693 977 et
708 935 842 991 sig-nis
861 936 1118 978 militaribus
1140 943 1183 978 et
1203 936 1446 991 disciplina,
1470 937 1598 978 armis
1620 937 1751 978 etiam

212 1005 421 1048 Romanis
443 1006 697 1047 adsueuerat
707 1023 720 1056 3
754 1013 819 1048 set
839 1021 865 1047 a
885 1006 1043 1048 Pisone
1062 1006 1290 1061 perdomiti
1316 1006 1364 1047 in
1384 1006 1479 1061 ipsa
1497 1007 1751 1062 captiuitate

210 1075 373 1117 rabiem
408 1077 644 1138 ostendere.
694 1075 852 1130 quippe
886 1091 986 1117 cum
1020 1083 1192 1118 catenas
1227 1077 1437 1119 morsibus
1473 1084 1748 1133 temptarent,

210 1145 423 1187 feritatem
442 1161 566 1188 suam
585 1145 669 1201 ipsi
688 1145 942 1200 puniebant.

564 1316 793 1358 XXVIII.
829 1316 1078 1360 BELLVM
1098 1316 1392 1360 DACICVM.

211 1446 321 1490 Daci
339 1447 558 1490 montibus
578 1447 818 1489 inhaerent.
851 1448 953 1490 inde
974 1448 1190 1491 Cotisonis
1220 1449 1332 1504 regis
1352 1450 1531 1505 imperio
1551 1452 1749 1506 quotiens

213 1526 436 1561 concretus
464 1518 566 1573 gelu
595 1517 825 1560 Danuuius
856 1518 1055 1560 iunxerat
1083 1519 1198 1574 ripas
1236 1521 1456 1562 decurrere
1486 1521 1681 1563 solebant
1708 1530 1751 1563 et

210 1590 355 1631 uicina
373 1588 583 1644 populari.
616 1588 761 1630 uisum
790 1596 855 1630 est
885 1589 1058 1630 Caesari
1077 1590 1275 1645 Augusto
1305 1598 1479 1646 gentem
1499 1592 1621 1633 aditu
1640 1592 1748 1634 diffi-

211 1660 418 1702 cillimam
436 1673 719 1701 summouere.
743 1659 875 1700 misso
895 1659 1030 1714 igitur
1050 1661 1236 1702 Lentulo
1258 1661 1371 1703 ultra
1390 1661 1636 1704 ulteriorem
1655 1677 1748 1717 per-

210 1730 323 1786 pulit
342 1730 501 1785 ripam3
526 1730 633 1771 citra
650 1729 861 1785 praesidia
881 1729 1129 1772 constituta.
1154 1731 1215 1773 sic
1235 1738 1330 1774 tum
1349 1732 1487 1774 Dacia
1506 1747 1595 1775 non
1615 1733 1747 1783 uicta,

211 1802 285 1842 sed
306 1807 519 1843 summota
539 1807 666 1854 atque
687 1800 820 1841 dilata
840 1806 918 1841 est.

492 1969 745 2010 XXVIIII.
778 1969 1025 2012 BELLVM
1047 1970 1466 2015 SARMATIOVM.

211 2102 431 2143 Sarmatae
473 2100 718 2156 patentibus
753 2101 915 2156 campis
955 2102 1214 2158 inequitant.
1266 2114 1310 2146 et
1344 2105 1422 2146 hos
1457 2120 1532 2160 per
1566 2107 1750 2146 eundem

209 2172 444 2213 Lentulum
464 2171 686 2226 prohibere
702 2172 906 2213 Danuuio
926 2173 1028 2214 satis
1055 2174 1153 2214 fuit.
1179 2174 1290 2215 nihil
1309 2180 1476 2227 praeter
1491 2174 1614 2216 niues
1634 2175 1749 2229 prui-

209 2256 373 2295 nasque
405 2249 449 2283 et
468 2241 600 2282 siluas
630 2241 806 2282 habent.
839 2248 961 2283 tanta
987 2242 1184 2288 barbaria
1209 2251 1274 2285 est
1308 2250 1358 2285 ut
1384 2258 1464 2285 nec
1494 2244 1751 2300 intellegant

209 2325 372 2366 pacem.

216 2526 230 2558 1
252 2524 437 2560 Comidius
453 2524 731 2559 anmsenius:
750 2507 931 2561 &emidius
954 2534 1000 2569 B,
1028 2527 1219 2563 chonidius
1245 2537 1278 2564 N
1293 2530 1304 2575 {l
1322 2532 1342 2564 2
1368 2535 1457 2576 aput
1473 2542 1576 2576 pares
1601 2539 1635 2564 Ν
1649 2532 1660 2577 {1
1679 2536 1751 2565 sto-

210 2581 370 2616 liditates
388 2581 420 2622 b,
440 2579 649 2615 stodilitatis
664 2588 698 2614 N
711 2580 722 2626 fl
740 2583 760 2615 3
780 2582 953 2618 cassidem
970 2584 1177 2619 suscitatam
1202 2590 1304 2621 motu
1327 2595 1360 2621 N
1375 2587 1386 2633 ΙΙ
1404 2590 1425 2622 4
1453 2587 1629 2622 fundebat
1645 2593 1687 2621 *N
1701 2587 1711 2632 Η
1732 2590 1751 2620 5

207 2646 361 2672 BELLVM
378 2644 603 2672 rmumcvu
621 2648 676 2670 om
698 2644 730 2670 N
746 2636 757 2683 ΙΙ
775 2640 795 2671 6
821 2641 1275 2677 ANTEAssRREGVMAxmn
1303 2652 1462 2679 mcn‘vn
1487 2651 1751 2678 nnscwEanr

211 2701 302 2728 ILLE
316 2702 350 2728 N
364 2693 375 2740 ss
393 2698 430 2728 et
445 2692 568 2727 addidi
576 2707 588 2726 .·
619 2705 674 2727 om
690 2700 749 2727 BN
762 2693 774 2739 ΙΙ
791 2694 1039 2730 rhemetalceB
1057 2697 1068 2743 ΙΙ
1082 2695 1185 2733 ‘tunc
1202 2703 1323 2733 tamen
1338 2700 1553 2735 romaetalca
1568 2694 1749 2743 regnante‘

210 2757 231 2783 1
246 2749 258 2795 ss
276 2751 294 2783 7
311 2749 484 2784 barbarus
500 2758 533 2784 N
546 2750 558 2795 ΙΙ
580 2751 616 2784 11
637 2758 790 2784 BELLVM
807 2758 978 2785 mcIcvu
995 2763 1050 2787 om
1066 2753 1125 2800 ΝΗ
1146 2757 1186 2789 12
1204 2754 1289 2790 inde
1306 2767 1361 2789 om
1377 2764 1410 2790 N
1425 2756 1436 2801 ΙΙ
1454 2755 1614 2801 gotisoni
1635 2763 1659 2788 B
1677 2755 1688 2799 l}
1712 2756 1750 2788 13

213 2803 379 2840 uinxerat
393 2814 427 2840 N
441 2806 452 2852 ss
474 2808 514 2840 14
531 2811 687 2853 augusto
703 2815 757 2841 N.-
782 2817 855 2853 aug
872 2807 911 2850 b,
942 2815 1006 2843 aut
1029 2817 1055 2843 B
1072 2810 1084 2856 ΙΙ
1102 2810 1321 2846 dificilimam
1348 2820 1374 2846 B
1391 2811 1403 2857 ΙΙ
1424 2814 1464 2845 15
1482 2811 1615 2857 repulit
1630 2819 1662 2845 Ν
1677 2811 1689 2857 ss
1710 2813 1751 2845 16

214 2860 376 2895 constitit
391 2862 449 2909 Nn
467 2868 553 2898 tunc
569 2871 603 2897 N
617 2863 628 2909 ss
650 2865 689 2897 17
708 2862 826 2898 deleta
847 2871 873 2899 B
890 2864 902 2910 ΙΙ
923 2866 963 2899 18
988 2874 1142 2902 BELLVM
1162 2876 1407 2902 SARMATICVM
1424 2879 1479 2901 om
1496 2867 1555 2913 ΝΠ
1577 2869 1617 2902 19
1635 2867 1752 2902 iacen-

212 2916 309 2952 tibus
323 2925 349 2952 B
365 2917 378 2964 fl
394 2919 438 2954 20
455 2919 559 2954 niues
574 2931 743 2967 rarasque
760 2920 870 2956 siluas
885 2929 919 2956 N
932 2921 944 2967 ΙΙ
963 2923 1003 2957 21
1024 2927 1065 2957 ut
1082 2935 1204 2969 pacem
1222 2935 1295 2958 non
1311 2923 1524 2969 intellegant
1539 2932 1572 2958 N
1587 2924 1598 2970 fl
