<?xml version="1.0" encoding="UTF-8"?>
<!DOCTYPE html PUBLIC "-//W3C//DTD XHTML 1.0 Transitional//EN"
    "http://www.w3.org/TR/xhtml1/DTD/xhtml1-transitional.dtd">
<html xmlns="http://www.w3.org/1999/xhtml" xml:lang="en" lang="en">
 <head>
  <title>
</title>
<meta http-equiv="Content-Type" content="text/html;charset=utf-8" />
  <meta name='ocr-system' content='tesseract 3.04.00' />
  <meta name='ocr-capabilities' content='ocr_page ocr_carea ocr_par ocr_line ocrx_word'/>
</head>
<body>
  <div class='ocr_page' id='page_1' title='image "./epitomaedetitol00floruoft_0172.png"; bbox 0 0 2002 3320; ppageno 0'>
   <div class='ocr_carea' id='block_1_1' title="bbox 281 245 1175 287">
    <p class='ocr_par' dir='ltr' id='par_1_1' title="bbox 281 245 1175 287">
     <span class='ocr_line' id='line_1_1' title="bbox 281 245 1175 287; baseline -0.001 0"><span class='ocrx_word' id='word_1_1' title='bbox 281 248 298 287; x_wconf 94' lang='lat'>1</span> <span class='ocrx_word' id='word_1_2' title='bbox 310 245 360 287; x_wconf 90' lang='lat'><strong>18</strong></span> <span class='ocrx_word' id='word_1_3' title='bbox 929 258 1024 287; x_wconf 71' lang='grc' dir='ltr'><strong>ΝΜ</strong></span> <span class='ocrx_word' id='word_1_4' title='bbox 1046 258 1175 287; x_wconf 66' lang='lat' dir='ltr'><strong>nom</strong></span> 
     </span>
    </p>
   </div>
   <div class='ocr_carea' id='block_1_2' title="bbox 582 356 1472 401">
    <p class='ocr_par' dir='ltr' id='par_1_2' title="bbox 582 356 1472 401">
     <span class='ocr_line' id='line_1_2' title="bbox 582 356 1472 401; baseline 0.001 -3"><span class='ocrx_word' id='word_1_5' title='bbox 582 357 738 398; x_wconf 91' lang='lat' dir='ltr'>XXX.</span> <span class='ocrx_word' id='word_1_6' title='bbox 770 356 1017 399; x_wconf 88' lang='lat' dir='ltr'>BELLVM</span> <span class='ocrx_word' id='word_1_7' title='bbox 1038 357 1472 401; x_wconf 85' lang='lat' dir='ltr'><strong>GERMANICVM.</strong></span> 
     </span>
    </p>
   </div>
   <div class='ocr_carea' id='block_1_3' title="bbox 276 487 1814 2371">
    <p class='ocr_par' dir='ltr' id='par_1_3' title="bbox 276 487 1810 899">
     <span class='ocr_line' id='line_1_3' title="bbox 278 487 1809 546; baseline -0.003 -12"><span class='ocrx_word' id='word_1_8' title='bbox 278 491 555 535; x_wconf 78' lang='lat' dir='ltr'>Germaniam</span> <span class='ocrx_word' id='word_1_9' title='bbox 576 505 742 546; x_wconf 92' lang='lat' dir='ltr'><strong>quoque</strong></span> <span class='ocrx_word' id='word_1_10' title='bbox 771 490 940 532; x_wconf 88' lang='lat' dir='ltr'><strong>utinam</strong></span> <span class='ocrx_word' id='word_1_11' title='bbox 965 490 1136 532; x_wconf 85' lang='lat' dir='ltr'><strong>uincere</strong></span> <span class='ocrx_word' id='word_1_12' title='bbox 1165 489 1277 531; x_wconf 89' lang='lat' dir='ltr'><strong>tanti</strong></span> <span class='ocrx_word' id='word_1_13' title='bbox 1304 503 1393 531; x_wconf 90' lang='lat' dir='ltr'><strong>non</strong></span> <span class='ocrx_word' id='word_1_14' title='bbox 1420 489 1639 544; x_wconf 83' lang='lat' dir='ltr'><strong>putasset!</strong></span> <span class='ocrx_word' id='word_1_15' title='bbox 1671 487 1809 543; x_wconf 82' lang='lat' dir='ltr'><strong>magis</strong></span> 
     </span>
     <span class='ocr_line' id='line_1_4' title="bbox 278 558 1810 618; baseline -0.001 -15"><span class='ocrx_word' id='word_1_16' title='bbox 278 562 459 618; x_wconf 84' lang='lat' dir='ltr'>turpiter</span> <span class='ocrx_word' id='word_1_17' title='bbox 479 561 634 603; x_wconf 88' lang='lat' dir='ltr'><strong>amissa</strong></span> <span class='ocrx_word' id='word_1_18' title='bbox 654 569 717 604; x_wconf 93' lang='lat' dir='ltr'><strong>est</strong></span> <span class='ocrx_word' id='word_1_19' title='bbox 738 576 867 617; x_wconf 91' lang='lat' dir='ltr'><strong>quam</strong></span> <span class='ocrx_word' id='word_1_20' title='bbox 885 560 1067 615; x_wconf 86' lang='lat' dir='ltr'><strong>gloriose</strong></span> <span class='ocrx_word' id='word_1_21' title='bbox 1077 559 1310 614; x_wconf 86' lang='lat' dir='ltr'><strong>adquisita.</strong></span> <span class='ocrx_word' id='word_1_22' title='bbox 1335 566 1399 601; x_wconf 89' lang='lat' dir='ltr'><strong>set</strong></span> <span class='ocrx_word' id='word_1_23' title='bbox 1419 566 1628 614; x_wconf 89' lang='lat' dir='ltr'><strong>quatenus</strong></span> <span class='ocrx_word' id='word_1_24' title='bbox 1649 558 1810 601; x_wconf 84' lang='lat' dir='ltr'><strong>sciebat</strong></span> 
     </span>
     <span class='ocr_line' id='line_1_5' title="bbox 276 630 1808 688; baseline -0.003 -14"><span class='ocrx_word' id='word_1_25' title='bbox 276 640 440 688; x_wconf 89' lang='lat' dir='ltr'><strong>patrem</strong></span> <span class='ocrx_word' id='word_1_26' title='bbox 462 648 587 674; x_wconf 91' lang='lat' dir='ltr'><strong>suum</strong></span> <span class='ocrx_word' id='word_1_27' title='bbox 607 633 658 674; x_wconf 89' lang='lat' dir='ltr'><strong>C.</strong></span> <span class='ocrx_word' id='word_1_28' title='bbox 683 633 907 674; x_wconf 85' lang='lat' dir='ltr'><strong>Caesarem</strong></span> <span class='ocrx_word' id='word_1_29' title='bbox 925 631 990 672; x_wconf 92' lang='lat' dir='ltr'><strong>bis</strong></span> <span class='ocrx_word' id='word_1_30' title='bbox 1009 637 1300 672; x_wconf 89' lang='lat' dir='ltr'><strong>transuectum</strong></span> <span class='ocrx_word' id='word_1_31' title='bbox 1314 636 1443 684; x_wconf 91' lang='lat' dir='ltr'><strong>ponte</strong></span> <span class='ocrx_word' id='word_1_32' title='bbox 1459 630 1662 671; x_wconf 90' lang='lat' dir='ltr'><strong>Rhenum</strong></span> <span class='ocrx_word' id='word_1_33' title='bbox 1682 643 1808 683; x_wconf 90' lang='lat' dir='ltr'><strong>quae-</strong></span> 
     </span>
     <span class='ocr_line' id='line_1_6' title="bbox 278 699 1805 755; baseline -0.004 -10"><span class='ocrx_word' id='word_1_34' title='bbox 278 703 381 745; x_wconf 84' lang='lat' dir='ltr'><strong>sisse</strong></span> <span class='ocrx_word' id='word_1_35' title='bbox 400 703 586 752; x_wconf 90' lang='lat' dir='ltr'><strong>bellum,</strong></span> <span class='ocrx_word' id='word_1_36' title='bbox 609 702 655 743; x_wconf 91' lang='lat' dir='ltr'><strong>in</strong></span> <span class='ocrx_word' id='word_1_37' title='bbox 675 702 792 744; x_wconf 93' lang='lat' dir='ltr'><strong>illius</strong></span> <span class='ocrx_word' id='word_1_38' title='bbox 820 702 1026 743; x_wconf 82' lang='lat' dir='ltr'>honorem</span> <span class='ocrx_word' id='word_1_39' title='bbox 1055 700 1327 755; x_wconf 84' lang='lat' dir='ltr'>concupierat</span> <span class='ocrx_word' id='word_1_40' title='bbox 1355 700 1490 740; x_wconf 89' lang='lat' dir='ltr'><strong>facere</strong></span> <span class='ocrx_word' id='word_1_41' title='bbox 1519 699 1805 754; x_wconf 87' lang='lat' dir='ltr'><strong>prouinciam;</strong></span> 
     </span>
     <span class='ocr_line' id='line_1_7' title="bbox 278 769 1809 824; baseline -0.004 -9"><span class='ocrx_word' id='word_1_42' title='bbox 278 781 320 815; x_wconf 90' lang='lat' dir='ltr'><strong>et</strong></span> <span class='ocrx_word' id='word_1_43' title='bbox 340 774 502 814; x_wconf 88' lang='lat' dir='ltr'><strong>factum</strong></span> <span class='ocrx_word' id='word_1_44' title='bbox 524 779 638 822; x_wconf 88' lang='lat' dir='ltr'><strong>erat,</strong></span> <span class='ocrx_word' id='word_1_45' title='bbox 671 772 707 814; x_wconf 91' lang='lat' dir='ltr'><strong>si</strong></span> <span class='ocrx_word' id='word_1_46' title='bbox 725 772 895 814; x_wconf 87' lang='lat' dir='ltr'><strong>barbari</strong></span> <span class='ocrx_word' id='word_1_47' title='bbox 915 778 1006 813; x_wconf 86' lang='lat' dir='ltr'><strong>tam</strong></span> <span class='ocrx_word' id='word_1_48' title='bbox 1033 770 1143 812; x_wconf 89' lang='lat' dir='ltr'><strong>uitia</strong></span> <span class='ocrx_word' id='word_1_49' title='bbox 1168 776 1314 812; x_wconf 91' lang='lat' dir='ltr'><strong>nostra</strong></span> <span class='ocrx_word' id='word_1_50' title='bbox 1344 784 1474 824; x_wconf 86' lang='lat' dir='ltr'><strong>quam</strong></span> <span class='ocrx_word' id='word_1_51' title='bbox 1500 769 1677 823; x_wconf 89' lang='lat' dir='ltr'><strong>imperia</strong></span> <span class='ocrx_word' id='word_1_52' title='bbox 1702 770 1809 810; x_wconf 89' lang='lat' dir='ltr'><strong>ferre</strong></span> 
     </span>
     <span class='ocr_line' id='line_1_8' title="bbox 277 843 533 899; baseline -0.012 -14"><span class='ocrx_word' id='word_1_53' title='bbox 277 843 533 899; x_wconf 88' lang='lat' dir='ltr'><strong>potuissent.</strong></span> 
     </span>
    </p>

    <p class='ocr_par' dir='ltr' id='par_1_4' title="bbox 276 908 1814 2230">
     <span class='ocr_line' id='line_1_9' title="bbox 391 908 1808 968; baseline -0.004 -14"><span class='ocrx_word' id='word_1_54' title='bbox 391 913 552 954; x_wconf 87' lang='lat' dir='ltr'><strong>Missus</strong></span> <span class='ocrx_word' id='word_1_55' title='bbox 572 911 619 953; x_wconf 91' lang='lat' dir='ltr'><strong>in</strong></span> <span class='ocrx_word' id='word_1_56' title='bbox 640 927 734 953; x_wconf 90' lang='lat' dir='ltr'><strong>eam</strong></span> <span class='ocrx_word' id='word_1_57' title='bbox 753 911 1019 968; x_wconf 89' lang='lat' dir='ltr'><strong>prouinciam</strong></span> <span class='ocrx_word' id='word_1_58' title='bbox 1039 912 1206 953; x_wconf 89' lang='lat' dir='ltr'><strong>Drusus</strong></span> <span class='ocrx_word' id='word_1_59' title='bbox 1232 910 1390 966; x_wconf 89' lang='lat' dir='ltr'><strong>primos</strong></span> <span class='ocrx_word' id='word_1_60' title='bbox 1411 909 1577 952; x_wconf 79' lang='lat' dir='ltr'><strong>domuit</strong></span> <span class='ocrx_word' id='word_1_61' title='bbox 1595 908 1808 964; x_wconf 86' lang='lat' dir='ltr'><strong>Vsipetes,</strong></span> 
     </span>
     <span class='ocr_line' id='line_1_10' title="bbox 276 982 1809 1037; baseline -0.003 -13"><span class='ocrx_word' id='word_1_62' title='bbox 276 983 376 1025; x_wconf 89' lang='lat' dir='ltr'><strong>inde</strong></span> <span class='ocrx_word' id='word_1_63' title='bbox 398 984 628 1024; x_wconf 80' lang='lat' dir='ltr'><strong>Tencteros</strong></span> <span class='ocrx_word' id='word_1_64' title='bbox 648 982 855 1037; x_wconf 82' lang='lat' dir='ltr'><strong>percurrit</strong></span> <span class='ocrx_word' id='word_1_65' title='bbox 876 989 918 1023; x_wconf 91' lang='lat' dir='ltr'><strong>et</strong></span> <span class='ocrx_word' id='word_1_66' title='bbox 940 982 1135 1024; x_wconf 86' lang='lat' dir='ltr'><strong>Catthos.</strong></span> <span class='ocrx_word' id='word_1_67' title='bbox 1169 996 1271 1023; x_wconf 87' lang='lat' dir='ltr'><strong>nam</strong></span> <span class='ocrx_word' id='word_1_68' title='bbox 1291 982 1693 1023; x_wconf 82' lang='lat' dir='ltr'><strong>Marcomannorum</strong></span> <span class='ocrx_word' id='word_1_69' title='bbox 1714 992 1809 1033; x_wconf 91' lang='lat' dir='ltr'><strong>spo-</strong></span> 
     </span>
     <span class='ocr_line' id='line_1_11' title="bbox 277 1050 1812 1108; baseline -0.003 -13"><span class='ocrx_word' id='word_1_70' title='bbox 277 1053 347 1095; x_wconf 90' lang='lat' dir='ltr'><strong>liis</strong></span> <span class='ocrx_word' id='word_1_71' title='bbox 368 1060 411 1094; x_wconf 88' lang='lat' dir='ltr'><strong>et</strong></span> <span class='ocrx_word' id='word_1_72' title='bbox 431 1053 672 1108; x_wconf 87' lang='lat' dir='ltr'><strong>insignibus</strong></span> <span class='ocrx_word' id='word_1_73' title='bbox 693 1055 907 1108; x_wconf 88' lang='lat' dir='ltr'><strong>quendam</strong></span> <span class='ocrx_word' id='word_1_74' title='bbox 927 1052 1090 1094; x_wconf 90' lang='lat' dir='ltr'><strong>editum</strong></span> <span class='ocrx_word' id='word_1_75' title='bbox 1123 1052 1340 1093; x_wconf 92' lang='lat' dir='ltr'><strong>tumulum</strong></span> <span class='ocrx_word' id='word_1_76' title='bbox 1367 1051 1414 1091; x_wconf 89' lang='lat' dir='ltr'><strong>in</strong></span> <span class='ocrx_word' id='word_1_77' title='bbox 1443 1050 1605 1105; x_wconf 83' lang='lat' dir='ltr'><strong>tropaei</strong></span> <span class='ocrx_word' id='word_1_78' title='bbox 1634 1050 1812 1090; x_wconf 88' lang='lat' dir='ltr'><strong>modum</strong></span> 
     </span>
     <span class='ocr_line' id='line_1_12' title="bbox 279 1117 1809 1175; baseline -0.004 -10"><span class='ocrx_word' id='word_1_79' title='bbox 279 1123 480 1165; x_wconf 85' lang='lat' dir='ltr'><strong>excoluit.</strong></span> <span class='ocrx_word' id='word_1_80' title='bbox 514 1123 615 1164; x_wconf 91' lang='lat' dir='ltr'><strong>inde</strong></span> <span class='ocrx_word' id='word_1_81' title='bbox 635 1123 921 1165; x_wconf 88' lang='lat' dir='ltr'><strong>ualidissimas</strong></span> <span class='ocrx_word' id='word_1_82' title='bbox 941 1123 1136 1164; x_wconf 88' lang='lat' dir='ltr'><strong>nationes</strong></span> <span class='ocrx_word' id='word_1_83' title='bbox 1158 1122 1394 1163; x_wconf 89' lang='lat' dir='ltr'><strong>Cheruscos</strong></span> <span class='ocrx_word' id='word_1_84' title='bbox 1416 1121 1663 1175; x_wconf 89' lang='lat' dir='ltr'><strong>Suebosque</strong></span> <span class='ocrx_word' id='word_1_85' title='bbox 1684 1126 1727 1160; x_wconf 91' lang='lat' dir='ltr'><strong>et</strong></span> <span class='ocrx_word' id='word_1_86' title='bbox 1743 1117 1809 1160; x_wconf 88' lang='lat' dir='ltr'><strong>Si-</strong></span> 
     </span>
     <span class='ocr_line' id='line_1_13' title="bbox 279 1189 1809 1247; baseline -0.003 -13"><span class='ocrx_word' id='word_1_87' title='bbox 279 1194 469 1235; x_wconf 90' lang='lat' dir='ltr'><strong>cambros</strong></span> <span class='ocrx_word' id='word_1_88' title='bbox 489 1192 646 1247; x_wconf 90' lang='lat' dir='ltr'><strong>pariter</strong></span> <span class='ocrx_word' id='word_1_89' title='bbox 666 1194 889 1247; x_wconf 87' lang='lat' dir='ltr'><strong>adgressus</strong></span> <span class='ocrx_word' id='word_1_90' title='bbox 910 1198 997 1242; x_wconf 88' lang='lat' dir='ltr'><strong>est,</strong></span> <span class='ocrx_word' id='word_1_91' title='bbox 1029 1191 1102 1247; x_wconf 91' lang='lat' dir='ltr'><strong>qui</strong></span> <span class='ocrx_word' id='word_1_92' title='bbox 1132 1191 1290 1246; x_wconf 88' lang='lat' dir='ltr'><strong>uiginti</strong></span> <span class='ocrx_word' id='word_1_93' title='bbox 1311 1190 1630 1232; x_wconf 86' lang='lat' dir='ltr'><strong>centurionibus</strong></span> <span class='ocrx_word' id='word_1_94' title='bbox 1649 1189 1696 1230; x_wconf 90' lang='lat' dir='ltr'><strong>in</strong></span> <span class='ocrx_word' id='word_1_95' title='bbox 1716 1203 1809 1230; x_wconf 89' lang='lat' dir='ltr'><strong>cru-</strong></span> 
     </span>
     <span class='ocr_line' id='line_1_14' title="bbox 279 1261 1811 1315; baseline -0.003 -10"><span class='ocrx_word' id='word_1_96' title='bbox 279 1279 371 1305; x_wconf 91' lang='lat' dir='ltr'><strong>cem</strong></span> <span class='ocrx_word' id='word_1_97' title='bbox 392 1263 496 1304; x_wconf 89' lang='lat' dir='ltr'><strong>actis</strong></span> <span class='ocrx_word' id='word_1_98' title='bbox 527 1263 608 1303; x_wconf 91' lang='lat' dir='ltr'><strong>hoc</strong></span> <span class='ocrx_word' id='word_1_99' title='bbox 636 1263 757 1303; x_wconf 90' lang='lat' dir='ltr'><strong>uelut</strong></span> <span class='ocrx_word' id='word_1_100' title='bbox 786 1269 1049 1304; x_wconf 90' lang='lat' dir='ltr'><strong>sacramento</strong></span> <span class='ocrx_word' id='word_1_101' title='bbox 1070 1268 1338 1315; x_wconf 88' lang='lat' dir='ltr'><strong>sumpserant</strong></span> <span class='ocrx_word' id='word_1_102' title='bbox 1355 1261 1541 1310; x_wconf 91' lang='lat' dir='ltr'><strong>bellum,</strong></span> <span class='ocrx_word' id='word_1_103' title='bbox 1572 1261 1676 1301; x_wconf 89' lang='lat' dir='ltr'><strong>adeo</strong></span> <span class='ocrx_word' id='word_1_104' title='bbox 1697 1266 1811 1300; x_wconf 90' lang='lat' dir='ltr'><strong>certa</strong></span> 
     </span>
     <span class='ocr_line' id='line_1_15' title="bbox 281 1328 1812 1387; baseline -0.003 -12"><span class='ocrx_word' id='word_1_105' title='bbox 281 1334 485 1376; x_wconf 89' lang='lat' dir='ltr'><strong>uictoriae</strong></span> <span class='ocrx_word' id='word_1_106' title='bbox 522 1348 595 1387; x_wconf 89' lang='lat' dir='ltr'><strong>spe</strong></span> <span class='ocrx_word' id='word_1_107' title='bbox 629 1339 679 1373; x_wconf 91' lang='lat' dir='ltr'><strong>ut</strong></span> <span class='ocrx_word' id='word_1_108' title='bbox 712 1333 914 1386; x_wconf 86' lang='lat' dir='ltr'><strong>praedam</strong></span> <span class='ocrx_word' id='word_1_109' title='bbox 949 1338 1048 1372; x_wconf 87' lang='lat' dir='ltr'><strong>ante</strong></span> <span class='ocrx_word' id='word_1_110' title='bbox 1082 1330 1279 1386; x_wconf 90' lang='lat' dir='ltr'><strong>pactione</strong></span> <span class='ocrx_word' id='word_1_111' title='bbox 1315 1330 1554 1371; x_wconf 89' lang='lat' dir='ltr'><strong>diuiserint.</strong></span> <span class='ocrx_word' id='word_1_112' title='bbox 1607 1328 1812 1371; x_wconf 88' lang='lat' dir='ltr'><strong>Cherusci</strong></span> 
     </span>
     <span class='ocr_line' id='line_1_16' title="bbox 283 1388 1807 1459; baseline -0.003 -14"><span class='ocrx_word' id='word_1_113' title='bbox 283 1419 413 1459; x_wconf 88' lang='lat' dir='ltr'><strong>equos</strong></span> <span class='ocrx_word' id='word_1_114' title='bbox 425 1435 438 1453; x_wconf 96' lang='lat'><strong>,</strong></span> <span class='ocrx_word' id='word_1_115' title='bbox 463 1402 594 1444; x_wconf 87' lang='lat' dir='ltr'><strong>Suebi</strong></span> <span class='ocrx_word' id='word_1_116' title='bbox 615 1417 767 1443; x_wconf 90' lang='lat' dir='ltr'><strong>aurum</strong></span> <span class='ocrx_word' id='word_1_117' title='bbox 787 1411 829 1443; x_wconf 87' lang='lat' dir='ltr'><strong>et</strong></span> <span class='ocrx_word' id='word_1_118' title='bbox 849 1409 1098 1456; x_wconf 88' lang='lat' dir='ltr'><strong>argentum,</strong></span> <span class='ocrx_word' id='word_1_119' title='bbox 1130 1401 1340 1442; x_wconf 88' lang='lat' dir='ltr'><strong>Sicambri</strong></span> <span class='ocrx_word' id='word_1_120' title='bbox 1359 1388 1551 1454; x_wconf 83' lang='lat' dir='ltr'><strong>captiuos</strong></span> <span class='ocrx_word' id='word_1_121' title='bbox 1571 1401 1807 1455; x_wconf 80' lang='lat' dir='ltr'><strong>elegerant3</strong></span> 
     </span>
     <span class='ocr_line' id='line_1_17' title="bbox 283 1472 1812 1526; baseline -0.003 -11"><span class='ocrx_word' id='word_1_122' title='bbox 283 1476 357 1516; x_wconf 90' lang='lat' dir='ltr'><strong>sed</strong></span> <span class='ocrx_word' id='word_1_123' title='bbox 378 1473 521 1515; x_wconf 88' lang='lat' dir='ltr'><strong>omnia</strong></span> <span class='ocrx_word' id='word_1_124' title='bbox 540 1479 783 1514; x_wconf 87' lang='lat' dir='ltr'><strong>retrorsum.</strong></span> <span class='ocrx_word' id='word_1_125' title='bbox 825 1472 963 1514; x_wconf 84' lang='lat' dir='ltr'><strong>uictor</strong></span> <span class='ocrx_word' id='word_1_126' title='bbox 991 1486 1176 1526; x_wconf 90' lang='lat' dir='ltr'><strong>namque</strong></span> <span class='ocrx_word' id='word_1_127' title='bbox 1206 1473 1373 1513; x_wconf 89' lang='lat' dir='ltr'><strong>Drusus</strong></span> <span class='ocrx_word' id='word_1_128' title='bbox 1401 1485 1530 1525; x_wconf 89' lang='lat' dir='ltr'><strong>equos</strong></span> <span class='ocrx_word' id='word_1_129' title='bbox 1558 1485 1709 1525; x_wconf 85' lang='lat' dir='ltr'><strong>pecora</strong></span> <span class='ocrx_word' id='word_1_130' title='bbox 1730 1476 1812 1511; x_wconf 92' lang='lat' dir='ltr'><strong>tor-</strong></span> 
     </span>
     <span class='ocr_line' id='line_1_18' title="bbox 284 1541 1814 1600; baseline -0.003 -14"><span class='ocrx_word' id='word_1_131' title='bbox 284 1559 386 1600; x_wconf 91' lang='lat' dir='ltr'><strong>ques</strong></span> <span class='ocrx_word' id='word_1_132' title='bbox 409 1558 554 1585; x_wconf 91' lang='lat' dir='ltr'><strong>eorum</strong></span> <span class='ocrx_word' id='word_1_133' title='bbox 584 1542 782 1597; x_wconf 90' lang='lat' dir='ltr'><strong>ipsosque</strong></span> <span class='ocrx_word' id='word_1_134' title='bbox 810 1544 1011 1597; x_wconf 81' lang='lat' dir='ltr'><strong>praedam</strong></span> <span class='ocrx_word' id='word_1_135' title='bbox 1041 1541 1189 1583; x_wconf 89' lang='lat' dir='ltr'><strong>diuisit</strong></span> <span class='ocrx_word' id='word_1_136' title='bbox 1219 1549 1261 1583; x_wconf 91' lang='lat' dir='ltr'><strong>et</strong></span> <span class='ocrx_word' id='word_1_137' title='bbox 1290 1541 1487 1583; x_wconf 90' lang='lat' dir='ltr'><strong>uendidit</strong></span> <span class='ocrx_word' id='word_1_138' title='bbox 1520 1549 1562 1583; x_wconf 86' lang='lat' dir='ltr'><strong>et</strong></span> <span class='ocrx_word' id='word_1_139' title='bbox 1596 1549 1814 1596; x_wconf 83' lang='lat' dir='ltr'><strong>praeterea</strong></span> 
     </span>
     <span class='ocr_line' id='line_1_19' title="bbox 282 1611 1814 1669; baseline -0.003 -13"><span class='ocrx_word' id='word_1_140' title='bbox 282 1615 329 1656; x_wconf 93' lang='lat' dir='ltr'><strong>in</strong></span> <span class='ocrx_word' id='word_1_141' title='bbox 351 1614 530 1656; x_wconf 90' lang='lat' dir='ltr'><strong>tutelam</strong></span> <span class='ocrx_word' id='word_1_142' title='bbox 550 1613 795 1667; x_wconf 89' lang='lat' dir='ltr'><strong>prouinciae</strong></span> <span class='ocrx_word' id='word_1_143' title='bbox 814 1613 1025 1669; x_wconf 88' lang='lat' dir='ltr'><strong>praesidia</strong></span> <span class='ocrx_word' id='word_1_144' title='bbox 1045 1620 1172 1668; x_wconf 89' lang='lat' dir='ltr'><strong>atque</strong></span> <span class='ocrx_word' id='word_1_145' title='bbox 1193 1611 1406 1654; x_wconf 89' lang='lat' dir='ltr'><strong>custodias</strong></span> <span class='ocrx_word' id='word_1_146' title='bbox 1426 1613 1584 1667; x_wconf 87' lang='lat' dir='ltr'><strong>ubique</strong></span> <span class='ocrx_word' id='word_1_147' title='bbox 1605 1611 1814 1667; x_wconf 87' lang='lat' dir='ltr'><strong>disposuit</strong></span> 
     </span>
     <span class='ocr_line' id='line_1_20' title="bbox 282 1682 1813 1740; baseline -0.002 -14"><span class='ocrx_word' id='word_1_148' title='bbox 282 1700 359 1740; x_wconf 87' lang='lat' dir='ltr'><strong>per</strong></span> <span class='ocrx_word' id='word_1_149' title='bbox 379 1685 546 1725; x_wconf 85' lang='lat' dir='ltr'><strong>Mosam</strong></span> <span class='ocrx_word' id='word_1_150' title='bbox 568 1684 755 1734; x_wconf 89' lang='lat' dir='ltr'><strong>flumen,</strong></span> <span class='ocrx_word' id='word_1_151' title='bbox 788 1699 863 1738; x_wconf 86' lang='lat' dir='ltr'><strong>per</strong></span> <span class='ocrx_word' id='word_1_152' title='bbox 882 1684 1037 1734; x_wconf 91' lang='lat' dir='ltr'><strong>Albin,</strong></span> <span class='ocrx_word' id='word_1_153' title='bbox 1059 1699 1135 1738; x_wconf 89' lang='lat' dir='ltr'><strong>per</strong></span> <span class='ocrx_word' id='word_1_154' title='bbox 1154 1683 1375 1738; x_wconf 87' lang='lat' dir='ltr'><strong>Visurgin.</strong></span> <span class='ocrx_word' id='word_1_155' title='bbox 1408 1683 1455 1723; x_wconf 89' lang='lat' dir='ltr'><strong>in</strong></span> <span class='ocrx_word' id='word_1_156' title='bbox 1475 1683 1620 1724; x_wconf 85' lang='lat' dir='ltr'><strong>Rheni</strong></span> <span class='ocrx_word' id='word_1_157' title='bbox 1642 1682 1813 1738; x_wconf 89' lang='lat' dir='ltr'><strong>quidem</strong></span> 
     </span>
     <span class='ocr_line' id='line_1_21' title="bbox 282 1753 1810 1810; baseline -0.001 -15"><span class='ocrx_word' id='word_1_158' title='bbox 282 1755 376 1810; x_wconf 88' lang='lat' dir='ltr'><strong>ripa</strong></span> <span class='ocrx_word' id='word_1_159' title='bbox 396 1753 709 1809; x_wconf 83' lang='lat' dir='ltr'><strong>quinquaginta</strong></span> <span class='ocrx_word' id='word_1_160' title='bbox 729 1754 912 1808; x_wconf 87' lang='lat' dir='ltr'><strong>amplius</strong></span> <span class='ocrx_word' id='word_1_161' title='bbox 940 1754 1115 1795; x_wconf 90' lang='lat' dir='ltr'><strong>castella</strong></span> <span class='ocrx_word' id='word_1_162' title='bbox 1144 1753 1313 1795; x_wconf 86' lang='lat' dir='ltr'><strong>direxit.</strong></span> <span class='ocrx_word' id='word_1_163' title='bbox 1354 1755 1555 1795; x_wconf 88' lang='lat' dir='ltr'><strong>Bormam</strong></span> <span class='ocrx_word' id='word_1_164' title='bbox 1587 1761 1629 1795; x_wconf 91' lang='lat' dir='ltr'><strong>et</strong></span> <span class='ocrx_word' id='word_1_165' title='bbox 1658 1754 1810 1795; x_wconf 89' lang='lat' dir='ltr'><strong>Caeso·</strong></span> 
     </span>
     <span class='ocr_line' id='line_1_22' title="bbox 283 1823 1812 1878; baseline -0.001 -12"><span class='ocrx_word' id='word_1_166' title='bbox 283 1825 446 1866; x_wconf 89' lang='lat' dir='ltr'><strong>riacum</strong></span> <span class='ocrx_word' id='word_1_167' title='bbox 479 1823 682 1878; x_wconf 89' lang='lat' dir='ltr'><strong>pontibus</strong></span> <span class='ocrx_word' id='word_1_168' title='bbox 717 1824 860 1865; x_wconf 83' lang='lat' dir='ltr'><strong>iunxit</strong></span> <span class='ocrx_word' id='word_1_169' title='bbox 890 1824 1178 1878; x_wconf 86' lang='lat' dir='ltr'><strong>classibusque</strong></span> <span class='ocrx_word' id='word_1_170' title='bbox 1213 1823 1416 1865; x_wconf 84' lang='lat' dir='ltr'><strong>firmauit.</strong></span> <span class='ocrx_word' id='word_1_171' title='bbox 1463 1823 1655 1865; x_wconf 89' lang='lat' dir='ltr'><strong>inuisum</strong></span> <span class='ocrx_word' id='word_1_172' title='bbox 1685 1830 1812 1878; x_wconf 90' lang='lat' dir='ltr'><strong>atque</strong></span> 
     </span>
     <span class='ocr_line' id='line_1_23' title="bbox 282 1894 1812 1949; baseline 0 -14"><span class='ocrx_word' id='word_1_173' title='bbox 282 1895 548 1935; x_wconf 87' lang='lat' dir='ltr'><strong>inaccessum</strong></span> <span class='ocrx_word' id='word_1_174' title='bbox 569 1894 615 1934; x_wconf 92' lang='lat' dir='ltr'><strong>in</strong></span> <span class='ocrx_word' id='word_1_175' title='bbox 635 1894 680 1935; x_wconf 94' lang='lat' dir='ltr'><strong>id</strong></span> <span class='ocrx_word' id='word_1_176' title='bbox 701 1901 868 1949; x_wconf 87' lang='lat' dir='ltr'><strong>tempus</strong></span> <span class='ocrx_word' id='word_1_177' title='bbox 890 1894 1159 1949; x_wconf 89' lang='lat' dir='ltr'><strong>Hercynium</strong></span> <span class='ocrx_word' id='word_1_178' title='bbox 1189 1895 1347 1935; x_wconf 91' lang='lat' dir='ltr'><strong>saltum</strong></span> <span class='ocrx_word' id='word_1_179' title='bbox 1375 1894 1589 1948; x_wconf 84' lang='lat' dir='ltr'><strong>patefecit.</strong></span> <span class='ocrx_word' id='word_1_180' title='bbox 1623 1909 1674 1935; x_wconf 89' lang='lat' dir='ltr'><strong>ea</strong></span> <span class='ocrx_word' id='word_1_181' title='bbox 1694 1894 1812 1935; x_wconf 87' lang='lat' dir='ltr'><strong>deni-</strong></span> 
     </span>
     <span class='ocr_line' id='line_1_24' title="bbox 281 1964 1814 2020; baseline -0.001 -14"><span class='ocrx_word' id='word_1_182' title='bbox 281 1980 362 2020; x_wconf 89' lang='lat' dir='ltr'><strong>que</strong></span> <span class='ocrx_word' id='word_1_183' title='bbox 382 1965 429 2005; x_wconf 94' lang='lat' dir='ltr'><strong>in</strong></span> <span class='ocrx_word' id='word_1_184' title='bbox 450 1964 682 2006; x_wconf 84' lang='lat' dir='ltr'><strong>Germania</strong></span> <span class='ocrx_word' id='word_1_185' title='bbox 702 1979 787 2018; x_wconf 83' lang='lat' dir='ltr'><strong>pax</strong></span> <span class='ocrx_word' id='word_1_186' title='bbox 807 1972 911 2014; x_wconf 90' lang='lat' dir='ltr'><strong>erat,</strong></span> <span class='ocrx_word' id='word_1_187' title='bbox 936 1972 983 2006; x_wconf 91' lang='lat' dir='ltr'><strong>ut</strong></span> <span class='ocrx_word' id='word_1_188' title='bbox 998 1964 1154 2006; x_wconf 90' lang='lat' dir='ltr'><strong>mutati</strong></span> <span class='ocrx_word' id='word_1_189' title='bbox 1169 1964 1379 2014; x_wconf 83' lang='lat' dir='ltr'><strong>homines,</strong></span> <span class='ocrx_word' id='word_1_190' title='bbox 1403 1965 1488 2005; x_wconf 86' lang='lat' dir='ltr'><strong>alia</strong></span> <span class='ocrx_word' id='word_1_191' title='bbox 1503 1971 1628 2014; x_wconf 88' lang='lat' dir='ltr'><strong>terra,</strong></span> <span class='ocrx_word' id='word_1_192' title='bbox 1647 1965 1814 2005; x_wconf 90' lang='lat' dir='ltr'><strong>caelum</strong></span> 
     </span>
     <span class='ocr_line' id='line_1_25' title="bbox 280 2033 1806 2090; baseline -0.001 -14"><span class='ocrx_word' id='word_1_193' title='bbox 280 2035 422 2090; x_wconf 90' lang='lat' dir='ltr'><strong>ipsum</strong></span> <span class='ocrx_word' id='word_1_194' title='bbox 443 2034 591 2075; x_wconf 89' lang='lat' dir='ltr'><strong>mitius</strong></span> <span class='ocrx_word' id='word_1_195' title='bbox 612 2033 867 2088; x_wconf 91' lang='lat' dir='ltr'><strong>molliusque</strong></span> <span class='ocrx_word' id='word_1_196' title='bbox 888 2034 1014 2075; x_wconf 90' lang='lat' dir='ltr'><strong>solito</strong></span> <span class='ocrx_word' id='word_1_197' title='bbox 1034 2034 1263 2074; x_wconf 89' lang='lat' dir='ltr'><strong>uideretur.</strong></span> <span class='ocrx_word' id='word_1_198' title='bbox 1298 2034 1481 2087; x_wconf 92' lang='lat' dir='ltr'><strong>denique</strong></span> <span class='ocrx_word' id='word_1_199' title='bbox 1500 2050 1589 2075; x_wconf 89' lang='lat' dir='ltr'><strong>non</strong></span> <span class='ocrx_word' id='word_1_200' title='bbox 1609 2050 1683 2088; x_wconf 91' lang='lat' dir='ltr'><strong>per</strong></span> <span class='ocrx_word' id='word_1_201' title='bbox 1703 2036 1806 2075; x_wconf 88' lang='lat' dir='ltr'><strong>adu-</strong></span> 
     </span>
     <span class='ocr_line' id='line_1_26' title="bbox 281 2103 1807 2158; baseline -0.001 -12"><span class='ocrx_word' id='word_1_202' title='bbox 281 2105 512 2154; x_wconf 89' lang='lat' dir='ltr'><strong>lationem,</strong></span> <span class='ocrx_word' id='word_1_203' title='bbox 545 2105 620 2146; x_wconf 92' lang='lat' dir='ltr'><strong>sed</strong></span> <span class='ocrx_word' id='word_1_204' title='bbox 647 2118 700 2144; x_wconf 86' lang='lat' dir='ltr'><strong>ex</strong></span> <span class='ocrx_word' id='word_1_205' title='bbox 719 2103 907 2153; x_wconf 88' lang='lat' dir='ltr'><strong>meritis,</strong></span> <span class='ocrx_word' id='word_1_206' title='bbox 945 2104 1147 2145; x_wconf 87' lang='lat' dir='ltr'><strong>defuncto</strong></span> <span class='ocrx_word' id='word_1_207' title='bbox 1167 2104 1227 2145; x_wconf 91' lang='lat' dir='ltr'><strong>ibi</strong></span> <span class='ocrx_word' id='word_1_208' title='bbox 1248 2103 1474 2145; x_wconf 88' lang='lat' dir='ltr'><strong>fortissimo</strong></span> <span class='ocrx_word' id='word_1_209' title='bbox 1496 2103 1678 2154; x_wconf 86' lang='lat' dir='ltr'><strong>iuuene,</strong></span> <span class='ocrx_word' id='word_1_210' title='bbox 1709 2103 1807 2158; x_wconf 92' lang='lat' dir='ltr'><strong>ipsi,</strong></span> 
     </span>
     <span class='ocr_line' id='line_1_27' title="bbox 281 2173 1708 2230; baseline -0.001 -13"><span class='ocrx_word' id='word_1_211' title='bbox 281 2177 394 2230; x_wconf 94' lang='lat' dir='ltr'><strong>quod</strong></span> <span class='ocrx_word' id='word_1_212' title='bbox 414 2189 650 2229; x_wconf 87' lang='lat' dir='ltr'><strong>numquam</strong></span> <span class='ocrx_word' id='word_1_213' title='bbox 670 2173 790 2224; x_wconf 85' lang='lat' dir='ltr'><strong>alias,</strong></span> <span class='ocrx_word' id='word_1_214' title='bbox 814 2180 986 2218; x_wconf 84' lang='lat' dir='ltr'><strong>senatus</strong></span> <span class='ocrx_word' id='word_1_215' title='bbox 1008 2189 1242 2228; x_wconf 89' lang='lat' dir='ltr'><strong>cognomen</strong></span> <span class='ocrx_word' id='word_1_216' title='bbox 1263 2189 1316 2215; x_wconf 85' lang='lat' dir='ltr'><strong>ex</strong></span> <span class='ocrx_word' id='word_1_217' title='bbox 1335 2174 1556 2228; x_wconf 86' lang='lat' dir='ltr'><strong>prouincia</strong></span> <span class='ocrx_word' id='word_1_218' title='bbox 1577 2174 1708 2216; x_wconf 88' lang='lat' dir='ltr'><strong>dedit.</strong></span> 
     </span>
    </p>

    <p class='ocr_par' dir='ltr' id='par_1_5' title="bbox 280 2243 1812 2371">
     <span class='ocr_line' id='line_1_28' title="bbox 395 2243 1812 2299; baseline 0 -12"><span class='ocrx_word' id='word_1_219' title='bbox 395 2246 480 2287; x_wconf 88' lang='lat' dir='ltr'><strong>Sed</strong></span> <span class='ocrx_word' id='word_1_220' title='bbox 500 2244 714 2287; x_wconf 88' lang='lat' dir='ltr'><strong>difficilius</strong></span> <span class='ocrx_word' id='word_1_221' title='bbox 737 2250 800 2284; x_wconf 89' lang='lat' dir='ltr'><strong>est</strong></span> <span class='ocrx_word' id='word_1_222' title='bbox 826 2243 1067 2298; x_wconf 88' lang='lat' dir='ltr'><strong>prouincias</strong></span> <span class='ocrx_word' id='word_1_223' title='bbox 1089 2244 1279 2286; x_wconf 90' lang='lat' dir='ltr'><strong>obtinere</strong></span> <span class='ocrx_word' id='word_1_224' title='bbox 1308 2259 1437 2299; x_wconf 87' lang='lat' dir='ltr'><strong>quam</strong></span> <span class='ocrx_word' id='word_1_225' title='bbox 1457 2245 1614 2295; x_wconf 81' lang='lat' dir='ltr'><strong>facere3</strong></span> <span class='ocrx_word' id='word_1_226' title='bbox 1647 2245 1812 2287; x_wconf 82' lang='lat' dir='ltr'><strong>uiribus</strong></span> 
     </span>
     <span class='ocr_line' id='line_1_29' title="bbox 280 2314 1811 2371; baseline 0.001 -15"><span class='ocrx_word' id='word_1_227' title='bbox 280 2322 507 2370; x_wconf 87' lang='lat' dir='ltr'><strong>parantur,</strong></span> <span class='ocrx_word' id='word_1_228' title='bbox 545 2315 636 2356; x_wconf 89' lang='lat' dir='ltr'><strong>iure</strong></span> <span class='ocrx_word' id='word_1_229' title='bbox 671 2314 924 2355; x_wconf 86' lang='lat' dir='ltr'><strong>retinentur.</strong></span> <span class='ocrx_word' id='word_1_230' title='bbox 976 2314 1108 2369; x_wconf 89' lang='lat' dir='ltr'><strong>igitur</strong></span> <span class='ocrx_word' id='word_1_231' title='bbox 1140 2316 1269 2355; x_wconf 89' lang='lat' dir='ltr'><strong>breue</strong></span> <span class='ocrx_word' id='word_1_232' title='bbox 1303 2314 1348 2355; x_wconf 91' lang='lat' dir='ltr'><strong>id</strong></span> <span class='ocrx_word' id='word_1_233' title='bbox 1382 2315 1602 2369; x_wconf 87' lang='lat' dir='ltr'><strong>gaudium.</strong></span> <span class='ocrx_word' id='word_1_234' title='bbox 1654 2316 1811 2371; x_wconf 85' lang='lat' dir='ltr'><strong>quippe</strong></span> 
     </span>
    </p>
   </div>
   <div class='ocr_carea' id='block_1_4' title="bbox 275 2436 1810 2991">
    <p class='ocr_par' dir='ltr' id='par_1_6' title="bbox 275 2436 1810 2991">
     <span class='ocr_line' id='line_1_30' title="bbox 282 2436 1808 2484; baseline 0.001 -12"><span class='ocrx_word' id='word_1_235' title='bbox 282 2441 294 2472; x_wconf 89' lang='lat'>1</span> <span class='ocrx_word' id='word_1_236' title='bbox 318 2447 470 2473; x_wconf 82' lang='lat' dir='ltr'>BELLVM</span> <span class='ocrx_word' id='word_1_237' title='bbox 488 2446 745 2473; x_wconf 75' lang='lat' dir='ltr'><strong>GERMANICVM</strong></span> <span class='ocrx_word' id='word_1_238' title='bbox 763 2449 818 2471; x_wconf 89' lang='lat' dir='ltr'><strong>om</strong></span> <span class='ocrx_word' id='word_1_239' title='bbox 834 2445 867 2471; x_wconf 93' lang='lat' dir='ltr'><strong>N</strong></span> <span class='ocrx_word' id='word_1_240' title='bbox 882 2437 892 2483; x_wconf 77' lang='grc' dir='ltr'>Η</span> <span class='ocrx_word' id='word_1_241' title='bbox 912 2440 931 2471; x_wconf 84' lang='grc'>2</span> <span class='ocrx_word' id='word_1_242' title='bbox 948 2438 1110 2472; x_wconf 87' lang='lat' dir='ltr'><strong>uinceret</strong></span> <span class='ocrx_word' id='word_1_243' title='bbox 1124 2445 1158 2471; x_wconf 88' lang='lat' dir='ltr'><strong>N</strong></span> <span class='ocrx_word' id='word_1_244' title='bbox 1172 2437 1183 2483; x_wconf 86' lang='grc' dir='ltr'><strong>ΙΙ</strong></span> <span class='ocrx_word' id='word_1_245' title='bbox 1203 2440 1222 2471; x_wconf 87' lang='lat'>3</span> <span class='ocrx_word' id='word_1_246' title='bbox 1239 2442 1294 2472; x_wconf 83' lang='lat' dir='ltr'><strong>set</strong></span> <span class='ocrx_word' id='word_1_247' title='bbox 1311 2436 1342 2479; x_wconf 83' lang='lat' dir='ltr'><strong>b,</strong></span> <span class='ocrx_word' id='word_1_248' title='bbox 1370 2441 1406 2471; x_wconf 87' lang='lat' dir='ltr'><strong>et</strong></span> <span class='ocrx_word' id='word_1_249' title='bbox 1427 2446 1453 2472; x_wconf 78' lang='grc' dir='ltr'><strong><em>Β</em></strong></span> <span class='ocrx_word' id='word_1_250' title='bbox 1470 2438 1482 2484; x_wconf 80' lang='lat' dir='ltr'>H</span> <span class='ocrx_word' id='word_1_251' title='bbox 1500 2441 1520 2472; x_wconf 93' lang='grc'>4</span> <span class='ocrx_word' id='word_1_252' title='bbox 1537 2438 1679 2484; x_wconf 79' lang='lat' dir='ltr'><strong>patroni</strong></span> <span class='ocrx_word' id='word_1_253' title='bbox 1694 2447 1719 2473; x_wconf 83' lang='lat' dir='ltr'><em>B</em></span> <span class='ocrx_word' id='word_1_254' title='bbox 1737 2438 1748 2484; x_wconf 79' lang='lat' dir='ltr'>ss</span> <span class='ocrx_word' id='word_1_255' title='bbox 1767 2439 1808 2474; x_wconf 89' lang='lat' dir='ltr'><strong>C.</strong></span> 
     </span>
     <span class='ocr_line' id='line_1_31' title="bbox 278 2493 1810 2540; baseline 0 -12"><span class='ocrx_word' id='word_1_256' title='bbox 278 2507 333 2528; x_wconf 87' lang='lat' dir='ltr'><strong>om</strong></span> <span class='ocrx_word' id='word_1_257' title='bbox 349 2503 382 2528; x_wconf 99' lang='lat' dir='ltr'><strong>N</strong></span> <span class='ocrx_word' id='word_1_258' title='bbox 397 2494 407 2539; x_wconf 79' lang='grc' dir='ltr'><strong>ΙΙ</strong></span> <span class='ocrx_word' id='word_1_259' title='bbox 425 2499 571 2540; x_wconf 89' lang='lat' dir='ltr'><strong>pontem</strong></span> <span class='ocrx_word' id='word_1_260' title='bbox 587 2495 700 2528; x_wconf 86' lang='lat' dir='ltr'><strong>rheno</strong></span> <span class='ocrx_word' id='word_1_261' title='bbox 716 2502 748 2528; x_wconf 88' lang='lat' dir='ltr'><em>N</em></span> <span class='ocrx_word' id='word_1_262' title='bbox 763 2494 774 2540; x_wconf 83' lang='grc' dir='ltr'><strong>ΙΙ</strong></span> <span class='ocrx_word' id='word_1_263' title='bbox 793 2496 811 2528; x_wconf 89' lang='lat'>5</span> <span class='ocrx_word' id='word_1_264' title='bbox 840 2494 1022 2540; x_wconf 87' lang='lat' dir='ltr'><strong>concupiit</strong></span> <span class='ocrx_word' id='word_1_265' title='bbox 1042 2502 1075 2529; x_wconf 95' lang='lat' dir='ltr'><strong>N</strong></span> <span class='ocrx_word' id='word_1_266' title='bbox 1090 2494 1100 2540; x_wconf 91' lang='grc' dir='ltr'><strong>ΙΙ</strong></span> <span class='ocrx_word' id='word_1_267' title='bbox 1119 2497 1140 2528; x_wconf 85' lang='grc'><strong>6</strong></span> <span class='ocrx_word' id='word_1_268' title='bbox 1166 2505 1243 2528; x_wconf 85' lang='lat' dir='ltr'><strong>cam</strong></span> <span class='ocrx_word' id='word_1_269' title='bbox 1267 2493 1357 2528; x_wconf 90' lang='lat' dir='ltr'><strong>uitia</strong></span> <span class='ocrx_word' id='word_1_270' title='bbox 1379 2502 1405 2528; x_wconf 78' lang='lat' dir='ltr'><em>B</em></span> <span class='ocrx_word' id='word_1_271' title='bbox 1423 2494 1433 2540; x_wconf 71' lang='grc' dir='ltr'>Η</span> <span class='ocrx_word' id='word_1_272' title='bbox 1452 2506 1558 2540; x_wconf 86' lang='lat' dir='ltr'><strong>quam</strong></span> <span class='ocrx_word' id='word_1_273' title='bbox 1582 2494 1730 2539; x_wconf 81' lang='lat' dir='ltr'><strong>imperia</strong></span> <span class='ocrx_word' id='word_1_274' title='bbox 1754 2507 1810 2529; x_wconf 86' lang='lat' dir='ltr'><strong>om</strong></span> 
     </span>
     <span class='ocr_line' id='line_1_32' title="bbox 276 2550 1810 2601; baseline -0.001 -15"><span class='ocrx_word' id='word_1_275' title='bbox 276 2559 301 2586; x_wconf 84' lang='lat' dir='ltr'><em>B</em></span> <span class='ocrx_word' id='word_1_276' title='bbox 319 2551 330 2597; x_wconf 83' lang='grc' dir='ltr'><strong>ΙΙ</strong></span> <span class='ocrx_word' id='word_1_277' title='bbox 350 2554 368 2585; x_wconf 90' lang='grc'>8</span> <span class='ocrx_word' id='word_1_278' title='bbox 386 2551 532 2596; x_wconf 87' lang='lat' dir='ltr'><strong>isipetes</strong></span> <span class='ocrx_word' id='word_1_279' title='bbox 546 2558 571 2584; x_wconf 82' lang='lat' dir='ltr'><em>B</em></span> <span class='ocrx_word' id='word_1_280' title='bbox 589 2550 600 2595; x_wconf 86' lang='grc' dir='ltr'><strong>ΙΙ</strong></span> <span class='ocrx_word' id='word_1_281' title='bbox 619 2552 639 2583; x_wconf 87' lang='grc'>9</span> <span class='ocrx_word' id='word_1_282' title='bbox 657 2562 822 2585; x_wconf 85' lang='lat' dir='ltr'><strong>cenceros</strong></span> <span class='ocrx_word' id='word_1_283' title='bbox 841 2557 880 2593; x_wconf 78' lang='grc' dir='ltr'><strong>Β,</strong></span> <span class='ocrx_word' id='word_1_284' title='bbox 907 2556 1042 2587; x_wconf 87' lang='lat' dir='ltr'><strong>ceteros</strong></span> <span class='ocrx_word' id='word_1_285' title='bbox 1059 2560 1091 2586; x_wconf 89' lang='lat' dir='ltr'><em>N</em></span> <span class='ocrx_word' id='word_1_286' title='bbox 1106 2552 1116 2598; x_wconf 78' lang='lat' dir='ltr'>fl</span> <span class='ocrx_word' id='word_1_287' title='bbox 1134 2550 1356 2598; x_wconf 89' lang='lat' dir='ltr'><strong>percucurrit</strong></span> <span class='ocrx_word' id='word_1_288' title='bbox 1369 2558 1402 2584; x_wconf 89' lang='lat' dir='ltr'><em>N</em></span> <span class='ocrx_word' id='word_1_289' title='bbox 1417 2550 1428 2596; x_wconf 85' lang='grc' dir='ltr'><strong>ΙΙ</strong></span> <span class='ocrx_word' id='word_1_290' title='bbox 1445 2554 1560 2586; x_wconf 79' lang='lat' dir='ltr'><strong>tactos</strong></span> <span class='ocrx_word' id='word_1_291' title='bbox 1574 2557 1609 2584; x_wconf 97' lang='lat' dir='ltr'><strong>N</strong></span> <span class='ocrx_word' id='word_1_292' title='bbox 1620 2555 1632 2601; x_wconf 71' lang='lat' dir='ltr'>fl</span> <span class='ocrx_word' id='word_1_293' title='bbox 1650 2551 1810 2584; x_wconf 78' lang='lat' dir='ltr'><strong>marcho-</strong></span> 
     </span>
     <span class='ocr_line' id='line_1_33' title="bbox 277 2605 1810 2654; baseline -0.001 -12"><span class='ocrx_word' id='word_1_294' title='bbox 277 2618 489 2643; x_wconf 84' lang='lat' dir='ltr'><strong>mannorum</strong></span> <span class='ocrx_word' id='word_1_295' title='bbox 505 2614 539 2641; x_wconf 92' lang='lat' dir='ltr'><em>N</em></span> <span class='ocrx_word' id='word_1_296' title='bbox 553 2606 564 2651; x_wconf 76' lang='lat' dir='ltr'><strong>ll</strong></span> <span class='ocrx_word' id='word_1_297' title='bbox 585 2609 625 2641; x_wconf 88' lang='lat'><strong>10</strong></span> <span class='ocrx_word' id='word_1_298' title='bbox 643 2611 679 2640; x_wconf 85' lang='lat' dir='ltr'><strong>et</strong></span> <span class='ocrx_word' id='word_1_299' title='bbox 695 2619 749 2640; x_wconf 87' lang='lat' dir='ltr'><strong>om</strong></span> <span class='ocrx_word' id='word_1_300' title='bbox 766 2615 799 2641; x_wconf 92' lang='lat' dir='ltr'><em>N</em></span> <span class='ocrx_word' id='word_1_301' title='bbox 814 2607 824 2652; x_wconf 76' lang='grc' dir='ltr'><strong>ΙΙ</strong></span> <span class='ocrx_word' id='word_1_302' title='bbox 846 2609 883 2640; x_wconf 91' lang='grc'><strong>11</strong></span> <span class='ocrx_word' id='word_1_303' title='bbox 913 2607 1128 2644; x_wconf 82' lang='lat' dir='ltr'><strong>cherusehos</strong></span> <span class='ocrx_word' id='word_1_304' title='bbox 1151 2616 1176 2642; x_wconf 85' lang='lat' dir='ltr'><em>B</em></span> <span class='ocrx_word' id='word_1_305' title='bbox 1195 2607 1205 2653; x_wconf 88' lang='grc' dir='ltr'><strong>ΙΙ</strong></span> <span class='ocrx_word' id='word_1_306' title='bbox 1232 2607 1441 2654; x_wconf 87' lang='lat' dir='ltr'><strong>sygambros</strong></span> <span class='ocrx_word' id='word_1_307' title='bbox 1464 2615 1496 2641; x_wconf 91' lang='lat' dir='ltr'><em>N</em></span> <span class='ocrx_word' id='word_1_308' title='bbox 1511 2607 1523 2653; x_wconf 82' lang='grc' dir='ltr'><strong>ΙΙ</strong></span> <span class='ocrx_word' id='word_1_309' title='bbox 1544 2609 1583 2641; x_wconf 86' lang='grc'><strong>12</strong></span> <span class='ocrx_word' id='word_1_310' title='bbox 1607 2605 1810 2640; x_wconf 82' lang='lat' dir='ltr'><strong>incrematis</strong></span> 
     </span>
     <span class='ocr_line' id='line_1_34' title="bbox 277 2661 1807 2710; baseline -0.003 -10"><span class='ocrx_word' id='word_1_311' title='bbox 277 2674 310 2700; x_wconf 89' lang='lat' dir='ltr'><em>N</em></span> <span class='ocrx_word' id='word_1_312' title='bbox 324 2665 336 2708; x_wconf 85' lang='grc' dir='ltr'><strong>ΙΙ</strong></span> <span class='ocrx_word' id='word_1_313' title='bbox 358 2666 395 2698; x_wconf 83' lang='grc'><strong>13</strong></span> <span class='ocrx_word' id='word_1_314' title='bbox 414 2663 529 2698; x_wconf 85' lang='lat' dir='ltr'><strong>hactis</strong></span> <span class='ocrx_word' id='word_1_315' title='bbox 545 2671 570 2697; x_wconf 88' lang='lat' dir='ltr'><em>B</em></span> <span class='ocrx_word' id='word_1_316' title='bbox 588 2662 599 2708; x_wconf 81' lang='lat' dir='ltr'><strong>ll</strong></span> <span class='ocrx_word' id='word_1_317' title='bbox 618 2666 733 2697; x_wconf 85' lang='lat' dir='ltr'><strong>certae</strong></span> <span class='ocrx_word' id='word_1_318' title='bbox 752 2671 774 2696; x_wconf 86' lang='lat' dir='ltr'><em>B</em></span> <span class='ocrx_word' id='word_1_319' title='bbox 793 2664 803 2708; x_wconf 81' lang='grc' dir='ltr'><strong>ΙΙ</strong></span> <span class='ocrx_word' id='word_1_320' title='bbox 826 2666 864 2697; x_wconf 70' lang='grc'><strong>14</strong></span> <span class='ocrx_word' id='word_1_321' title='bbox 883 2664 1035 2698; x_wconf 84' lang='lat' dir='ltr'><strong>uictoria</strong></span> <span class='ocrx_word' id='word_1_322' title='bbox 1047 2664 1078 2706; x_wconf 81' lang='lat' dir='ltr'><strong>b,</strong></span> <span class='ocrx_word' id='word_1_323' title='bbox 1099 2664 1271 2699; x_wconf 86' lang='lat' dir='ltr'><strong>uictoriae</strong></span> <span class='ocrx_word' id='word_1_324' title='bbox 1286 2672 1311 2698; x_wconf 86' lang='lat' dir='ltr'><em>B</em></span> <span class='ocrx_word' id='word_1_325' title='bbox 1329 2663 1339 2709; x_wconf 86' lang='grc' dir='ltr'><strong>ΙΙ</strong></span> <span class='ocrx_word' id='word_1_326' title='bbox 1358 2663 1523 2710; x_wconf 84' lang='lat' dir='ltr'><strong>praedam</strong></span> <span class='ocrx_word' id='word_1_327' title='bbox 1539 2662 1576 2697; x_wconf 88' lang='lat' dir='ltr'><strong>in</strong></span> <span class='ocrx_word' id='word_1_328' title='bbox 1593 2661 1807 2696; x_wconf 85' lang='lat' dir='ltr'><strong>anticessum</strong></span> 
     </span>
     <span class='ocr_line' id='line_1_35' title="bbox 277 2718 1807 2770; baseline -0.001 -15"><span class='ocrx_word' id='word_1_329' title='bbox 277 2721 442 2767; x_wconf 88' lang='lat' dir='ltr'><strong>pactione</strong></span> <span class='ocrx_word' id='word_1_330' title='bbox 458 2727 491 2754; x_wconf 90' lang='lat' dir='ltr'><em>N</em></span> <span class='ocrx_word' id='word_1_331' title='bbox 504 2719 516 2765; x_wconf 76' lang='lat' dir='ltr'>ss</span> <span class='ocrx_word' id='word_1_332' title='bbox 533 2719 734 2766; x_wconf 81' lang='lat' dir='ltr'><strong>pactionem</strong></span> <span class='ocrx_word' id='word_1_333' title='bbox 752 2719 953 2754; x_wconf 82' lang='lat' dir='ltr'><strong>diuiserunt</strong></span> <span class='ocrx_word' id='word_1_334' title='bbox 976 2729 1001 2755; x_wconf 77' lang='lat' dir='ltr'><em>B</em></span> <span class='ocrx_word' id='word_1_335' title='bbox 1020 2721 1029 2765; x_wconf 78' lang='grc' dir='ltr'><strong>[Ι</strong></span> <span class='ocrx_word' id='word_1_336' title='bbox 1051 2723 1091 2755; x_wconf 81' lang='lat'><strong>15</strong></span> <span class='ocrx_word' id='word_1_337' title='bbox 1119 2720 1298 2770; x_wconf 86' lang='lat' dir='ltr'><strong>sygambri</strong></span> <span class='ocrx_word' id='word_1_338' title='bbox 1320 2729 1353 2754; x_wconf 89' lang='lat' dir='ltr'><em>N</em></span> <span class='ocrx_word' id='word_1_339' title='bbox 1367 2721 1379 2767; x_wconf 82' lang='lat' dir='ltr'>fl</span> <span class='ocrx_word' id='word_1_340' title='bbox 1401 2723 1439 2754; x_wconf 83' lang='lat'><strong>17</strong></span> <span class='ocrx_word' id='word_1_341' title='bbox 1462 2719 1593 2765; x_wconf 84' lang='lat' dir='ltr'><strong>praeda</strong></span> <span class='ocrx_word' id='word_1_342' title='bbox 1615 2726 1649 2753; x_wconf 93' lang='lat' dir='ltr'><em>N</em></span> <span class='ocrx_word' id='word_1_343' title='bbox 1663 2718 1673 2764; x_wconf 78' lang='grc' dir='ltr'><strong>ΙΙ</strong></span> <span class='ocrx_word' id='word_1_344' title='bbox 1692 2723 1728 2753; x_wconf 89' lang='lat' dir='ltr'><strong>et</strong></span> <span class='ocrx_word' id='word_1_345' title='bbox 1753 2732 1807 2754; x_wconf 87' lang='lat' dir='ltr'><strong>om</strong></span> 
     </span>
     <span class='ocr_line' id='line_1_36' title="bbox 275 2774 1808 2824; baseline 0 -13"><span class='ocrx_word' id='word_1_346' title='bbox 275 2786 305 2815; x_wconf 95' lang='lat' dir='ltr'><strong>N</strong></span> <span class='ocrx_word' id='word_1_347' title='bbox 323 2778 334 2824; x_wconf 84' lang='grc' dir='ltr'><strong>ΙΙ</strong></span> <span class='ocrx_word' id='word_1_348' title='bbox 356 2779 394 2811; x_wconf 85' lang='grc'><strong>18</strong></span> <span class='ocrx_word' id='word_1_349' title='bbox 413 2776 575 2811; x_wconf 88' lang='lat' dir='ltr'><strong>tutellam</strong></span> <span class='ocrx_word' id='word_1_350' title='bbox 591 2782 616 2808; x_wconf 85' lang='lat' dir='ltr'><em>B</em></span> <span class='ocrx_word' id='word_1_351' title='bbox 633 2774 645 2822; x_wconf 75' lang='lat' dir='ltr'>ss</span> <span class='ocrx_word' id='word_1_352' title='bbox 666 2775 706 2809; x_wconf 83' lang='lat'><strong>19</strong></span> <span class='ocrx_word' id='word_1_353' title='bbox 724 2787 905 2823; x_wconf 86' lang='lat' dir='ltr'><strong>pemusam</strong></span> <span class='ocrx_word' id='word_1_354' title='bbox 922 2785 953 2810; x_wconf 89' lang='lat' dir='ltr'><em>N</em></span> <span class='ocrx_word' id='word_1_355' title='bbox 969 2777 979 2822; x_wconf 75' lang='grc' dir='ltr'><strong>ΙΙ</strong></span> <span class='ocrx_word' id='word_1_356' title='bbox 998 2777 1171 2813; x_wconf 76' lang='lat' dir='ltr'><strong>albiumN</strong></span> <span class='ocrx_word' id='word_1_357' title='bbox 1187 2777 1197 2823; x_wconf 85' lang='grc' dir='ltr'>Η</span> <span class='ocrx_word' id='word_1_358' title='bbox 1216 2776 1437 2822; x_wconf 81' lang='lat' dir='ltr'><strong>uisurginam</strong></span> <span class='ocrx_word' id='word_1_359' title='bbox 1452 2784 1486 2810; x_wconf 93' lang='lat' dir='ltr'><em>N</em></span> <span class='ocrx_word' id='word_1_360' title='bbox 1499 2776 1511 2823; x_wconf 69' lang='grc' dir='ltr'><strong>ΙΙ</strong></span> <span class='ocrx_word' id='word_1_361' title='bbox 1530 2777 1570 2810; x_wconf 88' lang='grc'>20</span> <span class='ocrx_word' id='word_1_362' title='bbox 1580 2775 1735 2810; x_wconf 86' lang='lat' dir='ltr'><strong>bonnam</strong></span> <span class='ocrx_word' id='word_1_363' title='bbox 1749 2785 1782 2811; x_wconf 88' lang='lat' dir='ltr'><em>N</em></span> <span class='ocrx_word' id='word_1_364' title='bbox 1796 2777 1808 2822; x_wconf 70' lang='grc' dir='ltr'><strong>[Ι</strong></span> 
     </span>
     <span class='ocr_line' id='line_1_37' title="bbox 277 2830 1807 2879; baseline -0.001 -11"><span class='ocrx_word' id='word_1_365' title='bbox 277 2833 545 2879; x_wconf 83' lang='lat' dir='ltr'><strong>gesogiamcum</strong></span> <span class='ocrx_word' id='word_1_366' title='bbox 561 2839 593 2866; x_wconf 92' lang='lat' dir='ltr'><em>N</em></span> <span class='ocrx_word' id='word_1_367' title='bbox 608 2830 619 2877; x_wconf 76' lang='lat' dir='ltr'>ss</span> <span class='ocrx_word' id='word_1_368' title='bbox 638 2833 677 2865; x_wconf 87' lang='grc'><strong>21</strong></span> <span class='ocrx_word' id='word_1_369' title='bbox 700 2831 818 2866; x_wconf 86' lang='lat' dir='ltr'><strong>uinxit</strong></span> <span class='ocrx_word' id='word_1_370' title='bbox 835 2831 1053 2877; x_wconf 64' lang='lat' dir='ltr'><strong>Bbckc’nqae&#39;ns</strong></span> <span class='ocrx_word' id='word_1_371' title='bbox 1070 2834 1117 2866; x_wconf 84' lang='lat' dir='ltr'><strong>ad</strong></span> <span class='ocrx_word' id='word_1_372' title='bbox 1131 2834 1222 2867; x_wconf 78' lang='lat' dir='ltr'><strong>notit</strong></span> <span class='ocrx_word' id='word_1_373' title='bbox 1237 2833 1320 2878; x_wconf 70' lang='lat' dir='ltr'><strong>diqn</strong></span> <span class='ocrx_word' id='word_1_374' title='bbox 1332 2845 1389 2867; x_wconf 84' lang='lat' dir='ltr'><strong>occ</strong></span> <span class='ocrx_word' id='word_1_375' title='bbox 1398 2835 1501 2878; x_wconf 71' lang='lat'><em>12973</em></span> <span class='ocrx_word' id='word_1_376' title='bbox 1521 2832 1532 2879; x_wconf 85' lang='grc' dir='ltr'><strong>ΙΙ</strong></span> <span class='ocrx_word' id='word_1_377' title='bbox 1552 2834 1592 2866; x_wconf 87' lang='grc'><strong>22</strong></span> <span class='ocrx_word' id='word_1_378' title='bbox 1608 2832 1807 2866; x_wconf 89' lang='lat' dir='ltr'><strong>inacessum</strong></span> 
     </span>
     <span class='ocr_line' id='line_1_38' title="bbox 277 2887 1809 2935; baseline -0.002 -10"><span class='ocrx_word' id='word_1_379' title='bbox 277 2898 312 2931; x_wconf 84' lang='lat' dir='ltr'><strong>B,</strong></span> <span class='ocrx_word' id='word_1_380' title='bbox 333 2900 514 2924; x_wconf 85' lang='lat' dir='ltr'><strong>accessum</strong></span> <span class='ocrx_word' id='word_1_381' title='bbox 530 2896 564 2921; x_wconf 90' lang='lat' dir='ltr'><em>N</em></span> <span class='ocrx_word' id='word_1_382' title='bbox 577 2888 589 2934; x_wconf 69' lang='lat' dir='ltr'><strong>l!</strong></span> <span class='ocrx_word' id='word_1_383' title='bbox 607 2890 648 2922; x_wconf 80' lang='lat'><strong>25</strong></span> <span class='ocrx_word' id='word_1_384' title='bbox 669 2887 731 2922; x_wconf 89' lang='lat' dir='ltr'><strong>sed</strong></span> <span class='ocrx_word' id='word_1_385' title='bbox 754 2899 809 2922; x_wconf 86' lang='lat' dir='ltr'><strong>om</strong></span> <span class='ocrx_word' id='word_1_386' title='bbox 832 2895 862 2922; x_wconf 90' lang='lat' dir='ltr'><em>N</em></span> <span class='ocrx_word' id='word_1_387' title='bbox 886 2888 897 2933; x_wconf 81' lang='grc' dir='ltr'><strong>ΙΙ</strong></span> <span class='ocrx_word' id='word_1_388' title='bbox 922 2887 998 2933; x_wconf 89' lang='lat' dir='ltr'><strong>ipse</strong></span> <span class='ocrx_word' id='word_1_389' title='bbox 1023 2888 1227 2923; x_wconf 76' lang='lat' dir='ltr'><strong>Perizonius</strong></span> <span class='ocrx_word' id='word_1_390' title='bbox 1246 2889 1257 2935; x_wconf 80' lang='grc' dir='ltr'><strong>ΙΙ</strong></span> <span class='ocrx_word' id='word_1_391' title='bbox 1275 2890 1318 2923; x_wconf 85' lang='grc'>26</span> <span class='ocrx_word' id='word_1_392' title='bbox 1336 2889 1422 2923; x_wconf 84' lang='lat' dir='ltr'><strong>alias</strong></span> <span class='ocrx_word' id='word_1_393' title='bbox 1439 2909 1483 2914; x_wconf 90' lang='lat'><strong>-—</strong></span> <span class='ocrx_word' id='word_1_394' title='bbox 1499 2889 1619 2923; x_wconf 81' lang='lat' dir='ltr'><strong>Druso</strong></span> <span class='ocrx_word' id='word_1_395' title='bbox 1635 2901 1690 2922; x_wconf 72' lang='lat' dir='ltr'><strong>omv</strong></span> <span class='ocrx_word' id='word_1_396' title='bbox 1707 2897 1731 2922; x_wconf 86' lang='lat' dir='ltr'><em>B</em></span> <span class='ocrx_word' id='word_1_397' title='bbox 1742 2914 1750 2932; x_wconf 91' lang='lat'><strong>,</strong></span> <span class='ocrx_word' id='word_1_398' title='bbox 1771 2887 1809 2922; x_wconf 82' lang='lat' dir='ltr'><strong>in</strong></span> 
     </span>
     <span class='ocr_line' id='line_1_39' title="bbox 277 2944 1379 2991; baseline 0.001 -13"><span class='ocrx_word' id='word_1_399' title='bbox 277 2958 343 2991; x_wconf 78' lang='lat' dir='ltr'><strong>quo</strong></span> <span class='ocrx_word' id='word_1_400' title='bbox 352 2949 436 2991; x_wconf 74' lang='lat' dir='ltr'><strong>post</strong></span> <span class='ocrx_word' id='word_1_401' title='bbox 452 2956 644 2990; x_wconf 86' lang='lat' dir='ltr'><strong>numquam</strong></span> <span class='ocrx_word' id='word_1_402' title='bbox 663 2956 753 2978; x_wconf 76' lang='lat' dir='ltr'><strong>noua</strong></span> <span class='ocrx_word' id='word_1_403' title='bbox 763 2945 899 2990; x_wconf 67' lang='lat' dir='ltr'><strong>payina</strong></span> <span class='ocrx_word' id='word_1_404' title='bbox 916 2944 1038 2989; x_wconf 69' lang='lat' dir='ltr'><strong>incipit</strong></span> <span class='ocrx_word' id='word_1_405' title='bbox 1055 2945 1065 2990; x_wconf 81' lang='grc' dir='ltr'>Η</span> <span class='ocrx_word' id='word_1_406' title='bbox 1084 2947 1125 2979; x_wconf 80' lang='grc'>27</span> <span class='ocrx_word' id='word_1_407' title='bbox 1145 2945 1305 2990; x_wconf 86' lang='lat' dir='ltr'><strong>optinere</strong></span> <span class='ocrx_word' id='word_1_408' title='bbox 1321 2953 1353 2979; x_wconf 92' lang='lat' dir='ltr'><strong>N</strong></span> <span class='ocrx_word' id='word_1_409' title='bbox 1368 2945 1379 2988; x_wconf 82' lang='grc' dir='ltr'>Η</span> 
     </span>
    </p>
   </div>
   <div class='ocr_carea' id='block_1_5' title="bbox 1841 705 1861 738">
    <p class='ocr_par' dir='ltr' id='par_1_7' title="bbox 1841 705 1861 738">
     <span class='ocr_line' id='line_1_40' title="bbox 1841 705 1861 738; baseline 0 0"><span class='ocrx_word' id='word_1_410' title='bbox 1841 705 1861 738; x_wconf 88' lang='lat'><strong>5</strong></span> 
     </span>
    </p>
   </div>
   <div class='ocr_carea' id='block_1_6' title="bbox 1839 1054 1881 1088">
    <p class='ocr_par' dir='ltr' id='par_1_8' title="bbox 1839 1054 1881 1088">
     <span class='ocr_line' id='line_1_41' title="bbox 1839 1054 1881 1088; baseline -0.024 0"><span class='ocrx_word' id='word_1_411' title='bbox 1839 1054 1881 1088; x_wconf 89' lang='lat'><strong>10</strong></span> 
     </span>
    </p>
   </div>
   <div class='ocr_carea' id='block_1_7' title="bbox 1840 1407 1882 1440">
    <p class='ocr_par' dir='ltr' id='par_1_9' title="bbox 1840 1407 1882 1440">
     <span class='ocr_line' id='line_1_42' title="bbox 1840 1407 1882 1440; baseline 0 0"><span class='ocrx_word' id='word_1_412' title='bbox 1840 1407 1882 1440; x_wconf 86' lang='lat'><strong>15</strong></span> 
     </span>
    </p>
   </div>
   <div class='ocr_carea' id='block_1_8' title="bbox 1838 1761 1883 1793">
    <p class='ocr_par' dir='ltr' id='par_1_10' title="bbox 1838 1761 1883 1793">
     <span class='ocr_line' id='line_1_43' title="bbox 1838 1761 1883 1793; baseline 0 0"><span class='ocrx_word' id='word_1_413' title='bbox 1838 1761 1883 1793; x_wconf 86' lang='lat'><strong>20</strong></span> 
     </span>
    </p>
   </div>
   <div class='ocr_carea' id='block_1_9' title="bbox 1836 2112 1881 2144">
    <p class='ocr_par' dir='ltr' id='par_1_11' title="bbox 1836 2112 1881 2144">
     <span class='ocr_line' id='line_1_44' title="bbox 1836 2112 1881 2144; baseline 0 0"><span class='ocrx_word' id='word_1_414' title='bbox 1836 2112 1881 2144; x_wconf 87' lang='lat'><strong>25</strong></span> 
     </span>
    </p>
   </div>
  </div>
 </body>
</html>
