<?xml version="1.0" encoding="UTF-8"?>
<!DOCTYPE html PUBLIC "-//W3C//DTD XHTML 1.0 Transitional//EN"
    "http://www.w3.org/TR/xhtml1/DTD/xhtml1-transitional.dtd">
<html xmlns="http://www.w3.org/1999/xhtml" xml:lang="en" lang="en">
 <head>
  <title>
</title>
<meta http-equiv="Content-Type" content="text/html;charset=utf-8" />
  <meta name='ocr-system' content='tesseract 3.04.00' />
  <meta name='ocr-capabilities' content='ocr_page ocr_carea ocr_par ocr_line ocrx_word'/>
</head>
<body>
  <div class='ocr_page' id='page_1' title='image "./epitomaedetitol00floruoft_0098.png"; bbox 0 0 2002 3320; ppageno 0'>
   <div class='ocr_carea' id='block_1_1' title="bbox 260 241 1150 283">
    <p class='ocr_par' dir='ltr' id='par_1_1' title="bbox 260 241 1150 283">
     <span class='ocr_line' id='line_1_1' title="bbox 260 241 1150 283; baseline 0.002 -4"><span class='ocrx_word' id='word_1_1' title='bbox 260 241 314 279; x_wconf 89' lang='grc'><strong>44</strong></span> <span class='ocrx_word' id='word_1_2' title='bbox 906 254 998 283; x_wconf 85' lang='lat' dir='ltr'>1vL1</span> <span class='ocrx_word' id='word_1_3' title='bbox 1020 254 1150 283; x_wconf 80' lang='lat' dir='ltr'>FLORI</span> 
     </span>
    </p>
   </div>
   <div class='ocr_carea' id='block_1_2' title="bbox 261 350 1868 2284">
    <p class='ocr_par' dir='ltr' id='par_1_2' title="bbox 261 350 1868 2284">
     <span class='ocr_line' id='line_1_2' title="bbox 262 350 1792 406; baseline -0.001 -14"><span class='ocrx_word' id='word_1_4' title='bbox 262 351 516 406; x_wconf 87' lang='lat' dir='ltr'>pertinebat.</span> <span class='ocrx_word' id='word_1_5' title='bbox 550 351 620 391; x_wconf 91' lang='lat' dir='ltr'><strong>hic</strong></span> <span class='ocrx_word' id='word_1_6' title='bbox 642 351 957 404; x_wconf 83' lang='lat' dir='ltr'><strong>Lysimachiam</strong></span> <span class='ocrx_word' id='word_1_7' title='bbox 987 354 1136 393; x_wconf 89' lang='lat' dir='ltr'><strong>urbem</strong></span> <span class='ocrx_word' id='word_1_8' title='bbox 1155 353 1201 392; x_wconf 90' lang='lat' dir='ltr'><strong>in</strong></span> <span class='ocrx_word' id='word_1_9' title='bbox 1217 352 1338 393; x_wconf 92' lang='lat' dir='ltr'><strong>litore</strong></span> <span class='ocrx_word' id='word_1_10' title='bbox 1360 351 1543 392; x_wconf 88' lang='lat' dir='ltr'><strong>Thracio</strong></span> <span class='ocrx_word' id='word_1_11' title='bbox 1563 350 1747 405; x_wconf 84' lang='lat' dir='ltr'><strong>positam</strong></span> <span class='ocrx_word' id='word_1_12' title='bbox 1767 366 1792 391; x_wconf 89' lang='lat' dir='ltr'><strong>a</strong></span> 
     </span>
     <span class='ocr_line' id='line_1_3' title="bbox 261 420 1793 475; baseline -0.001 -13"><span class='ocrx_word' id='word_1_13' title='bbox 261 420 493 462; x_wconf 88' lang='lat' dir='ltr'><strong>maioribus</strong></span> <span class='ocrx_word' id='word_1_14' title='bbox 515 420 602 460; x_wconf 88' lang='lat' dir='ltr'><strong>suis</strong></span> <span class='ocrx_word' id='word_1_15' title='bbox 617 420 856 462; x_wconf 87' lang='lat' dir='ltr'><strong>Antiochus</strong></span> <span class='ocrx_word' id='word_1_16' title='bbox 875 428 922 462; x_wconf 89' lang='lat' dir='ltr'><strong>ut</strong></span> <span class='ocrx_word' id='word_1_17' title='bbox 936 421 1192 462; x_wconf 87' lang='lat' dir='ltr'><strong>hereditario</strong></span> <span class='ocrx_word' id='word_1_18' title='bbox 1207 421 1298 462; x_wconf 89' lang='lat' dir='ltr'><strong>iure</strong></span> <span class='ocrx_word' id='word_1_19' title='bbox 1313 422 1544 475; x_wconf 87' lang='lat' dir='ltr'><strong>repetebat.</strong></span> <span class='ocrx_word' id='word_1_20' title='bbox 1570 421 1650 462; x_wconf 89' lang='lat' dir='ltr'><strong>hoc</strong></span> <span class='ocrx_word' id='word_1_21' title='bbox 1671 421 1793 461; x_wconf 86' lang='lat' dir='ltr'><strong>uelut</strong></span> 
     </span>
     <span class='ocr_line' id='line_1_4' title="bbox 264 488 1791 544; baseline -0.001 -13"><span class='ocrx_word' id='word_1_22' title='bbox 264 491 398 531; x_wconf 85' lang='lat' dir='ltr'>sidere</span> <span class='ocrx_word' id='word_1_23' title='bbox 418 488 598 529; x_wconf 81' lang='lat' dir='ltr'><strong>Asiatici</strong></span> <span class='ocrx_word' id='word_1_24' title='bbox 616 489 720 529; x_wconf 88' lang='lat' dir='ltr'><strong>belli</strong></span> <span class='ocrx_word' id='word_1_25' title='bbox 739 497 856 531; x_wconf 90' lang='lat' dir='ltr'><strong>mota</strong></span> <span class='ocrx_word' id='word_1_26' title='bbox 875 497 1118 544; x_wconf 82' lang='lat' dir='ltr'><strong>tempestas.</strong></span> <span class='ocrx_word' id='word_1_27' title='bbox 1163 497 1226 531; x_wconf 91' lang='lat' dir='ltr'><strong>set</strong></span> <span class='ocrx_word' id='word_1_28' title='bbox 1245 490 1457 531; x_wconf 86' lang='lat' dir='ltr'><strong>maximus</strong></span> <span class='ocrx_word' id='word_1_29' title='bbox 1487 505 1635 544; x_wconf 86' lang='lat' dir='ltr'><strong>regum</strong></span> <span class='ocrx_word' id='word_1_30' title='bbox 1647 522 1659 539; x_wconf 94' lang='lat'><strong>,</strong></span> <span class='ocrx_word' id='word_1_31' title='bbox 1693 504 1791 530; x_wconf 89' lang='lat' dir='ltr'><strong>con-</strong></span> 
     </span>
     <span class='ocr_line' id='line_1_5' title="bbox 266 558 1795 614; baseline 0 -14"><span class='ocrx_word' id='word_1_32' title='bbox 266 566 407 600; x_wconf 90' lang='lat' dir='ltr'><strong>tentus</strong></span> <span class='ocrx_word' id='word_1_33' title='bbox 430 558 595 599; x_wconf 88' lang='lat' dir='ltr'><strong>fortiter</strong></span> <span class='ocrx_word' id='word_1_34' title='bbox 614 558 819 600; x_wconf 85' lang='lat' dir='ltr'><strong>indixisse</strong></span> <span class='ocrx_word' id='word_1_35' title='bbox 839 559 1017 609; x_wconf 92' lang='lat' dir='ltr'><strong>bellum,</strong></span> <span class='ocrx_word' id='word_1_36' title='bbox 1040 574 1139 600; x_wconf 93' lang='lat' dir='ltr'><strong>cum</strong></span> <span class='ocrx_word' id='word_1_37' title='bbox 1158 559 1324 613; x_wconf 88' lang='lat' dir='ltr'><strong>ingenti</strong></span> <span class='ocrx_word' id='word_1_38' title='bbox 1340 560 1519 614; x_wconf 90' lang='lat' dir='ltr'><strong>strepitu</strong></span> <span class='ocrx_word' id='word_1_39' title='bbox 1535 574 1584 600; x_wconf 90' lang='lat' dir='ltr'><strong>ac</strong></span> <span class='ocrx_word' id='word_1_40' title='bbox 1605 559 1795 600; x_wconf 89' lang='lat' dir='ltr'><strong>tumultu</strong></span> 
     </span>
     <span class='ocr_line' id='line_1_6' title="bbox 263 628 1841 683; baseline -0.002 -12"><span class='ocrx_word' id='word_1_41' title='bbox 263 630 468 671; x_wconf 91' lang='lat' dir='ltr'><strong>mouisset</strong></span> <span class='ocrx_word' id='word_1_42' title='bbox 489 643 541 669; x_wconf 86' lang='lat' dir='ltr'><strong>ex</strong></span> <span class='ocrx_word' id='word_1_43' title='bbox 561 628 680 678; x_wconf 90' lang='lat' dir='ltr'><strong>Asia,</strong></span> <span class='ocrx_word' id='word_1_44' title='bbox 704 628 920 682; x_wconf 90' lang='lat' dir='ltr'><strong>occupatis</strong></span> <span class='ocrx_word' id='word_1_45' title='bbox 942 629 1087 670; x_wconf 88' lang='lat' dir='ltr'><strong>statim</strong></span> <span class='ocrx_word' id='word_1_46' title='bbox 1106 628 1258 670; x_wconf 90' lang='lat' dir='ltr'><strong>insulis</strong></span> <span class='ocrx_word' id='word_1_47' title='bbox 1287 629 1575 683; x_wconf 82' lang='lat' dir='ltr'><strong>Graeciaeque</strong></span> <span class='ocrx_word' id='word_1_48' title='bbox 1603 629 1800 670; x_wconf 89' lang='lat' dir='ltr'><strong>litoribus</strong></span> <span class='ocrx_word' id='word_1_49' title='bbox 1821 636 1841 668; x_wconf 88' lang='lat'><strong>5</strong></span> 
     </span>
     <span class='ocr_line' id='line_1_7' title="bbox 265 698 1795 752; baseline -0.001 -11"><span class='ocrx_word' id='word_1_50' title='bbox 265 700 351 741; x_wconf 91' lang='lat' dir='ltr'><strong>otia</strong></span> <span class='ocrx_word' id='word_1_51' title='bbox 372 706 414 740; x_wconf 94' lang='lat' dir='ltr'><strong>et</strong></span> <span class='ocrx_word' id='word_1_52' title='bbox 434 699 562 740; x_wconf 90' lang='lat' dir='ltr'><strong>luxus</strong></span> <span class='ocrx_word' id='word_1_53' title='bbox 584 698 705 752; x_wconf 87' lang='lat' dir='ltr'><strong>quasi</strong></span> <span class='ocrx_word' id='word_1_54' title='bbox 725 698 861 739; x_wconf 90' lang='lat' dir='ltr'><strong>uictor</strong></span> <span class='ocrx_word' id='word_1_55' title='bbox 882 698 1085 752; x_wconf 86' lang='lat' dir='ltr'><strong>agitabat.</strong></span> <span class='ocrx_word' id='word_1_56' title='bbox 1119 699 1324 739; x_wconf 88' lang='lat' dir='ltr'><strong>Euboean</strong></span> <span class='ocrx_word' id='word_1_57' title='bbox 1352 698 1538 739; x_wconf 89' lang='lat' dir='ltr'><strong>insulam</strong></span> <span class='ocrx_word' id='word_1_58' title='bbox 1558 698 1795 739; x_wconf 92' lang='lat' dir='ltr'><strong>continenti</strong></span> 
     </span>
     <span class='ocr_line' id='line_1_8' title="bbox 266 767 1789 822; baseline -0.001 -12"><span class='ocrx_word' id='word_1_59' title='bbox 266 770 566 810; x_wconf 85' lang='lat' dir='ltr'><strong>adhaerentem</strong></span> <span class='ocrx_word' id='word_1_60' title='bbox 587 768 707 808; x_wconf 92' lang='lat' dir='ltr'><strong>tenui</strong></span> <span class='ocrx_word' id='word_1_61' title='bbox 726 768 832 808; x_wconf 90' lang='lat' dir='ltr'><strong>freto</strong></span> <span class='ocrx_word' id='word_1_62' title='bbox 854 767 1212 822; x_wconf 83' lang='lat' dir='ltr'><strong>reciprocantibus</strong></span> <span class='ocrx_word' id='word_1_63' title='bbox 1231 768 1350 822; x_wconf 91' lang='lat' dir='ltr'><strong>aquis</strong></span> <span class='ocrx_word' id='word_1_64' title='bbox 1362 768 1549 822; x_wconf 84' lang='lat' dir='ltr'><strong>Euripus</strong></span> <span class='ocrx_word' id='word_1_65' title='bbox 1566 768 1789 809; x_wconf 88' lang='lat' dir='ltr'><strong>abscindit.</strong></span> 
     </span>
     <span class='ocr_line' id='line_1_9' title="bbox 263 837 1794 892; baseline -0.002 -12"><span class='ocrx_word' id='word_1_66' title='bbox 263 839 334 880; x_wconf 89' lang='lat' dir='ltr'><strong>hic</strong></span> <span class='ocrx_word' id='word_1_67' title='bbox 349 838 427 880; x_wconf 75' lang='lat' dir='ltr'><strong>&#39;ille</strong></span> <span class='ocrx_word' id='word_1_68' title='bbox 447 838 596 892; x_wconf 90' lang='lat' dir='ltr'><strong>positis</strong></span> <span class='ocrx_word' id='word_1_69' title='bbox 617 837 755 878; x_wconf 90' lang='lat' dir='ltr'><strong>aureis</strong></span> <span class='ocrx_word' id='word_1_70' title='bbox 777 837 1002 891; x_wconf 87' lang='lat' dir='ltr'><strong>sericisque</strong></span> <span class='ocrx_word' id='word_1_71' title='bbox 1024 837 1217 878; x_wconf 89' lang='lat' dir='ltr'><strong>tentoriis</strong></span> <span class='ocrx_word' id='word_1_72' title='bbox 1235 839 1314 878; x_wconf 87' lang='lat' dir='ltr'><strong>sub</strong></span> <span class='ocrx_word' id='word_1_73' title='bbox 1335 837 1427 891; x_wconf 91' lang='lat' dir='ltr'><strong>ipso</strong></span> <span class='ocrx_word' id='word_1_74' title='bbox 1443 837 1541 878; x_wconf 90' lang='lat' dir='ltr'><strong>freti</strong></span> <span class='ocrx_word' id='word_1_75' title='bbox 1560 851 1794 886; x_wconf 89' lang='lat' dir='ltr'><strong>murmure,</strong></span> 
     </span>
     <span class='ocr_line' id='line_1_10' title="bbox 265 906 1795 962; baseline -0.001 -13"><span class='ocrx_word' id='word_1_76' title='bbox 265 923 365 949; x_wconf 90' lang='lat' dir='ltr'><strong>cum</strong></span> <span class='ocrx_word' id='word_1_77' title='bbox 391 908 674 962; x_wconf 87' lang='lat' dir='ltr'><strong>praefluentes</strong></span> <span class='ocrx_word' id='word_1_78' title='bbox 705 921 838 961; x_wconf 90' lang='lat' dir='ltr'><strong>aquae</strong></span> <span class='ocrx_word' id='word_1_79' title='bbox 869 907 984 948; x_wconf 89' lang='lat' dir='ltr'><strong>tibiis</strong></span> <span class='ocrx_word' id='word_1_80' title='bbox 1012 907 1252 961; x_wconf 88' lang='lat' dir='ltr'><strong>fidibusque</strong></span> <span class='ocrx_word' id='word_1_81' title='bbox 1281 907 1577 956; x_wconf 84' lang='lat' dir='ltr'><strong>concinerent,</strong></span> <span class='ocrx_word' id='word_1_82' title='bbox 1616 906 1795 947; x_wconf 89' lang='lat' dir='ltr'><strong>conlatis</strong></span> 
     </span>
     <span class='ocr_line' id='line_1_11' title="bbox 265 976 1867 1031; baseline -0.001 -13"><span class='ocrx_word' id='word_1_83' title='bbox 265 978 455 1031; x_wconf 91' lang='lat' dir='ltr'><strong>undique</strong></span> <span class='ocrx_word' id='word_1_84' title='bbox 476 977 671 1031; x_wconf 89' lang='lat' dir='ltr'><strong>quamuis</strong></span> <span class='ocrx_word' id='word_1_85' title='bbox 692 991 767 1031; x_wconf 90' lang='lat' dir='ltr'><strong>per</strong></span> <span class='ocrx_word' id='word_1_86' title='bbox 786 976 972 1017; x_wconf 80' lang='lat' dir='ltr'><strong>hiemem</strong></span> <span class='ocrx_word' id='word_1_87' title='bbox 991 977 1113 1026; x_wconf 89' lang='lat' dir='ltr'><strong>rosis,</strong></span> <span class='ocrx_word' id='word_1_88' title='bbox 1136 991 1190 1017; x_wconf 91' lang='lat' dir='ltr'><strong>ne</strong></span> <span class='ocrx_word' id='word_1_89' title='bbox 1211 991 1299 1017; x_wconf 91' lang='lat' dir='ltr'><strong>non</strong></span> <span class='ocrx_word' id='word_1_90' title='bbox 1320 976 1461 1030; x_wconf 89' lang='lat' dir='ltr'><strong>aliquo</strong></span> <span class='ocrx_word' id='word_1_91' title='bbox 1476 990 1630 1030; x_wconf 86' lang='lat' dir='ltr'><strong>genere</strong></span> <span class='ocrx_word' id='word_1_92' title='bbox 1646 977 1797 1016; x_wconf 88' lang='lat' dir='ltr'><strong>ducem</strong></span> <span class='ocrx_word' id='word_1_93' title='bbox 1825 983 1867 1016; x_wconf 88' lang='lat'><strong>10</strong></span> 
     </span>
     <span class='ocr_line' id='line_1_12' title="bbox 267 1047 1795 1101; baseline -0.001 -14"><span class='ocrx_word' id='word_1_94' title='bbox 267 1053 425 1101; x_wconf 86' lang='lat' dir='ltr'><strong>ageret,</strong></span> <span class='ocrx_word' id='word_1_95' title='bbox 450 1047 669 1101; x_wconf 88' lang='lat' dir='ltr'><strong>uirginum</strong></span> <span class='ocrx_word' id='word_1_96' title='bbox 689 1061 998 1101; x_wconf 88' lang='lat' dir='ltr'><strong>puerorumque</strong></span> <span class='ocrx_word' id='word_1_97' title='bbox 1020 1047 1200 1087; x_wconf 90' lang='lat' dir='ltr'><strong>dilectus</strong></span> <span class='ocrx_word' id='word_1_98' title='bbox 1222 1047 1420 1087; x_wconf 90' lang='lat' dir='ltr'><strong>habebat.</strong></span> <span class='ocrx_word' id='word_1_99' title='bbox 1455 1047 1585 1087; x_wconf 92' lang='lat' dir='ltr'><strong>talem</strong></span> <span class='ocrx_word' id='word_1_100' title='bbox 1614 1060 1713 1100; x_wconf 86' lang='lat' dir='ltr'><strong>ergo</strong></span> <span class='ocrx_word' id='word_1_101' title='bbox 1733 1060 1795 1086; x_wconf 89' lang='lat' dir='ltr'><strong>re-</strong></span> 
     </span>
     <span class='ocr_line' id='line_1_13' title="bbox 266 1116 1795 1171; baseline -0.001 -14"><span class='ocrx_word' id='word_1_102' title='bbox 266 1131 364 1171; x_wconf 92' lang='lat' dir='ltr'><strong>gem</strong></span> <span class='ocrx_word' id='word_1_103' title='bbox 383 1117 469 1157; x_wconf 91' lang='lat' dir='ltr'><strong>iam</strong></span> <span class='ocrx_word' id='word_1_104' title='bbox 489 1117 660 1157; x_wconf 90' lang='lat' dir='ltr'><strong>luxuria</strong></span> <span class='ocrx_word' id='word_1_105' title='bbox 681 1131 758 1157; x_wconf 90' lang='lat' dir='ltr'><strong>sua</strong></span> <span class='ocrx_word' id='word_1_106' title='bbox 778 1116 1037 1156; x_wconf 90' lang='lat' dir='ltr'><strong>debellatum</strong></span> <span class='ocrx_word' id='word_1_107' title='bbox 1057 1116 1196 1156; x_wconf 89' lang='lat' dir='ltr'><strong>Acilio</strong></span> <span class='ocrx_word' id='word_1_108' title='bbox 1217 1116 1450 1157; x_wconf 88' lang='lat' dir='ltr'><strong>Glabrione</strong></span> <span class='ocrx_word' id='word_1_109' title='bbox 1470 1116 1643 1156; x_wconf 90' lang='lat' dir='ltr'><strong>consule</strong></span> <span class='ocrx_word' id='word_1_110' title='bbox 1662 1130 1795 1169; x_wconf 90' lang='lat' dir='ltr'><strong>popu-</strong></span> 
     </span>
     <span class='ocr_line' id='line_1_14' title="bbox 267 1184 1792 1240; baseline 0 -16"><span class='ocrx_word' id='word_1_111' title='bbox 267 1184 335 1225; x_wconf 89' lang='lat' dir='ltr'><strong>lus</strong></span> <span class='ocrx_word' id='word_1_112' title='bbox 357 1185 579 1228; x_wconf 88' lang='lat' dir='ltr'><strong>Romanus</strong></span> <span class='ocrx_word' id='word_1_113' title='bbox 599 1185 645 1225; x_wconf 91' lang='lat' dir='ltr'><strong>in</strong></span> <span class='ocrx_word' id='word_1_114' title='bbox 664 1185 809 1226; x_wconf 89' lang='lat' dir='ltr'><strong>insula</strong></span> <span class='ocrx_word' id='word_1_115' title='bbox 829 1187 1053 1239; x_wconf 88' lang='lat' dir='ltr'><strong>adgressus</strong></span> <span class='ocrx_word' id='word_1_116' title='bbox 1073 1185 1166 1240; x_wconf 92' lang='lat' dir='ltr'><strong>ipso</strong></span> <span class='ocrx_word' id='word_1_117' title='bbox 1187 1186 1333 1226; x_wconf 87' lang='lat' dir='ltr'><strong>statim</strong></span> <span class='ocrx_word' id='word_1_118' title='bbox 1363 1187 1573 1226; x_wconf 88' lang='lat' dir='ltr'><strong>aduentus</strong></span> <span class='ocrx_word' id='word_1_119' title='bbox 1595 1185 1662 1225; x_wconf 91' lang='lat' dir='ltr'><strong>sui</strong></span> <span class='ocrx_word' id='word_1_120' title='bbox 1681 1199 1792 1224; x_wconf 89' lang='lat' dir='ltr'><strong>nun-</strong></span> 
     </span>
     <span class='ocr_line' id='line_1_15' title="bbox 268 1253 1795 1309; baseline 0.001 -15"><span class='ocrx_word' id='word_1_121' title='bbox 268 1253 327 1294; x_wconf 90' lang='lat' dir='ltr'><strong>tio</strong></span> <span class='ocrx_word' id='word_1_122' title='bbox 348 1255 485 1308; x_wconf 71' lang='lat' dir='ltr'><strong>coegit</strong></span> <span class='ocrx_word' id='word_1_123' title='bbox 506 1256 558 1296; x_wconf 89' lang='lat' dir='ltr'><strong>ab</strong></span> <span class='ocrx_word' id='word_1_124' title='bbox 579 1255 721 1296; x_wconf 91' lang='lat' dir='ltr'><strong>insula</strong></span> <span class='ocrx_word' id='word_1_125' title='bbox 740 1255 899 1309; x_wconf 88' lang='lat' dir='ltr'><strong>fugere.</strong></span> <span class='ocrx_word' id='word_1_126' title='bbox 935 1261 1028 1295; x_wconf 89' lang='lat' dir='ltr'><strong>tum</strong></span> <span class='ocrx_word' id='word_1_127' title='bbox 1054 1255 1328 1309; x_wconf 89' lang='lat' dir='ltr'><strong>praecipitem</strong></span> <span class='ocrx_word' id='word_1_128' title='bbox 1356 1262 1459 1308; x_wconf 90' lang='lat' dir='ltr'><strong>aput</strong></span> <span class='ocrx_word' id='word_1_129' title='bbox 1485 1255 1795 1308; x_wconf 86' lang='lat' dir='ltr'><strong>Thermopylas</strong></span> 
     </span>
     <span class='ocr_line' id='line_1_16' title="bbox 267 1324 1867 1377; baseline 0 -14"><span class='ocrx_word' id='word_1_130' title='bbox 267 1325 516 1374; x_wconf 86' lang='lat' dir='ltr'><strong>adsecutus,</strong></span> <span class='ocrx_word' id='word_1_131' title='bbox 548 1326 691 1366; x_wconf 92' lang='lat' dir='ltr'><strong>locum</strong></span> <span class='ocrx_word' id='word_1_132' title='bbox 711 1331 995 1365; x_wconf 86' lang='lat' dir='ltr'><strong>trecentorum</strong></span> <span class='ocrx_word' id='word_1_133' title='bbox 1024 1326 1244 1365; x_wconf 90' lang='lat' dir='ltr'><strong>Laconum</strong></span> <span class='ocrx_word' id='word_1_134' title='bbox 1274 1324 1461 1377; x_wconf 90' lang='lat' dir='ltr'><strong>speciosa</strong></span> <span class='ocrx_word' id='word_1_135' title='bbox 1488 1324 1606 1365; x_wconf 88' lang='lat' dir='ltr'><strong>clade</strong></span> <span class='ocrx_word' id='word_1_136' title='bbox 1636 1338 1794 1364; x_wconf 87' lang='lat' dir='ltr'><strong>memo·</strong></span> <span class='ocrx_word' id='word_1_137' title='bbox 1827 1331 1867 1363; x_wconf 87' lang='lat'><strong>15</strong></span> 
     </span>
     <span class='ocr_line' id='line_1_17' title="bbox 266 1393 1797 1448; baseline 0.001 -15"><span class='ocrx_word' id='word_1_138' title='bbox 266 1394 471 1443; x_wconf 88' lang='lat' dir='ltr'><strong>randum,</strong></span> <span class='ocrx_word' id='word_1_139' title='bbox 509 1409 563 1434; x_wconf 91' lang='lat' dir='ltr'><strong>ne</strong></span> <span class='ocrx_word' id='word_1_140' title='bbox 598 1394 658 1435; x_wconf 92' lang='lat' dir='ltr'><strong>ibi</strong></span> <span class='ocrx_word' id='word_1_141' title='bbox 686 1394 859 1448; x_wconf 91' lang='lat' dir='ltr'><strong>quidem</strong></span> <span class='ocrx_word' id='word_1_142' title='bbox 888 1393 1048 1434; x_wconf 90' lang='lat' dir='ltr'><strong>fiducia</strong></span> <span class='ocrx_word' id='word_1_143' title='bbox 1066 1394 1151 1434; x_wconf 89' lang='lat' dir='ltr'><strong>loci</strong></span> <span class='ocrx_word' id='word_1_144' title='bbox 1179 1394 1446 1435; x_wconf 88' lang='lat' dir='ltr'><strong>resistentem</strong></span> <span class='ocrx_word' id='word_1_145' title='bbox 1474 1393 1581 1434; x_wconf 89' lang='lat' dir='ltr'><strong>mari</strong></span> <span class='ocrx_word' id='word_1_146' title='bbox 1611 1408 1658 1434; x_wconf 91' lang='lat' dir='ltr'><strong>ac</strong></span> <span class='ocrx_word' id='word_1_147' title='bbox 1686 1400 1797 1434; x_wconf 89' lang='lat' dir='ltr'><strong>terra</strong></span> 
     </span>
     <span class='ocr_line' id='line_1_18' title="bbox 267 1462 1798 1517; baseline 0.001 -15"><span class='ocrx_word' id='word_1_148' title='bbox 267 1463 413 1503; x_wconf 89' lang='lat' dir='ltr'><strong>cedere</strong></span> <span class='ocrx_word' id='word_1_149' title='bbox 435 1464 584 1517; x_wconf 73' lang='lat' dir='ltr'><strong>co’egit.</strong></span> <span class='ocrx_word' id='word_1_150' title='bbox 621 1464 766 1505; x_wconf 88' lang='lat' dir='ltr'><strong>statim</strong></span> <span class='ocrx_word' id='word_1_151' title='bbox 787 1470 829 1504; x_wconf 93' lang='lat' dir='ltr'><strong>et</strong></span> <span class='ocrx_word' id='word_1_152' title='bbox 849 1477 872 1503; x_wconf 93' lang='lat' dir='ltr'><strong>e</strong></span> <span class='ocrx_word' id='word_1_153' title='bbox 892 1462 1076 1516; x_wconf 83' lang='lat' dir='ltr'><strong>uestigio</strong></span> <span class='ocrx_word' id='word_1_154' title='bbox 1105 1462 1192 1503; x_wconf 91' lang='lat' dir='ltr'><strong>itur</strong></span> <span class='ocrx_word' id='word_1_155' title='bbox 1211 1462 1257 1502; x_wconf 91' lang='lat' dir='ltr'><strong>in</strong></span> <span class='ocrx_word' id='word_1_156' title='bbox 1290 1463 1471 1517; x_wconf 80' lang='lat' dir='ltr'><strong>Syriam.</strong></span> <span class='ocrx_word' id='word_1_157' title='bbox 1504 1463 1651 1504; x_wconf 90' lang='lat' dir='ltr'><strong>classis</strong></span> <span class='ocrx_word' id='word_1_158' title='bbox 1679 1462 1798 1517; x_wconf 88' lang='lat' dir='ltr'><strong>regia</strong></span> 
     </span>
     <span class='ocr_line' id='line_1_19' title="bbox 268 1532 1798 1587; baseline 0 -15"><span class='ocrx_word' id='word_1_159' title='bbox 268 1532 557 1586; x_wconf 87' lang='lat' dir='ltr'><strong>Polyxenidae</strong></span> <span class='ocrx_word' id='word_1_160' title='bbox 586 1533 875 1587; x_wconf 89' lang='lat' dir='ltr'><strong>Annibalique</strong></span> <span class='ocrx_word' id='word_1_161' title='bbox 905 1533 1132 1574; x_wconf 90' lang='lat' dir='ltr'><strong>commissa</strong></span> <span class='ocrx_word' id='word_1_162' title='bbox 1166 1556 1208 1562; x_wconf 42' lang='lat' dir='ltr'><em>m</em></span> <span class='ocrx_word' id='word_1_163' title='bbox 1245 1547 1347 1573; x_wconf 89' lang='lat' dir='ltr'><strong>nam</strong></span> <span class='ocrx_word' id='word_1_164' title='bbox 1374 1547 1450 1573; x_wconf 87' lang='lat' dir='ltr'><strong>rex</strong></span> <span class='ocrx_word' id='word_1_165' title='bbox 1482 1532 1690 1586; x_wconf 89' lang='lat' dir='ltr'><strong>proelium</strong></span> <span class='ocrx_word' id='word_1_166' title='bbox 1718 1546 1798 1572; x_wconf 88' lang='lat' dir='ltr'><strong>nec</strong></span> 
     </span>
     <span class='ocr_line' id='line_1_20' title="bbox 268 1601 1798 1656; baseline 0.001 -15"><span class='ocrx_word' id='word_1_167' title='bbox 268 1608 456 1655; x_wconf 88' lang='lat' dir='ltr'><strong>spectare</strong></span> <span class='ocrx_word' id='word_1_168' title='bbox 471 1608 653 1656; x_wconf 91' lang='lat' dir='ltr'><strong>poterat,</strong></span> <span class='ocrx_word' id='word_1_169' title='bbox 666 1629 717 1634; x_wconf 91' lang='lat'><strong>-—</strong></span> <span class='ocrx_word' id='word_1_170' title='bbox 733 1605 840 1644; x_wconf 91' lang='lat' dir='ltr'><strong>duce</strong></span> <span class='ocrx_word' id='word_1_171' title='bbox 848 1603 1034 1643; x_wconf 91' lang='lat' dir='ltr'><strong>Aemilio</strong></span> <span class='ocrx_word' id='word_1_172' title='bbox 1044 1602 1230 1656; x_wconf 88' lang='lat' dir='ltr'><strong>Regillo,</strong></span> <span class='ocrx_word' id='word_1_173' title='bbox 1245 1602 1606 1656; x_wconf 89' lang='lat' dir='ltr'><strong>adremigantibus</strong></span> <span class='ocrx_word' id='word_1_174' title='bbox 1615 1601 1798 1642; x_wconf 85' lang='lat' dir='ltr'><strong>Rhodiis</strong></span> 
     </span>
     <span class='ocr_line' id='line_1_21' title="bbox 267 1671 1868 1727; baseline -0.001 -15"><span class='ocrx_word' id='word_1_175' title='bbox 267 1678 357 1712; x_wconf 87' lang='lat' dir='ltr'><strong>tota</strong></span> <span class='ocrx_word' id='word_1_176' title='bbox 375 1672 598 1713; x_wconf 88' lang='lat' dir='ltr'><strong>laceratur.</strong></span> <span class='ocrx_word' id='word_1_177' title='bbox 632 1687 686 1713; x_wconf 92' lang='lat' dir='ltr'><strong>ne</strong></span> <span class='ocrx_word' id='word_1_178' title='bbox 709 1673 790 1714; x_wconf 89' lang='lat' dir='ltr'><strong>sibi</strong></span> <span class='ocrx_word' id='word_1_179' title='bbox 817 1674 1016 1727; x_wconf 86' lang='lat' dir='ltr'><strong>placeant</strong></span> <span class='ocrx_word' id='word_1_180' title='bbox 1043 1673 1263 1713; x_wconf 91' lang='lat' dir='ltr'><strong>Athenae!</strong></span> <span class='ocrx_word' id='word_1_181' title='bbox 1297 1673 1344 1713; x_wconf 91' lang='lat' dir='ltr'><strong>in</strong></span> <span class='ocrx_word' id='word_1_182' title='bbox 1371 1672 1586 1713; x_wconf 90' lang='lat' dir='ltr'><strong>Antiocho</strong></span> <span class='ocrx_word' id='word_1_183' title='bbox 1613 1671 1796 1712; x_wconf 74' lang='lat' dir='ltr'><strong>uicimus</strong></span> <span class='ocrx_word' id='word_1_184' title='bbox 1824 1679 1868 1711; x_wconf 85' lang='lat'><strong>20</strong></span> 
     </span>
     <span class='ocr_line' id='line_1_22' title="bbox 268 1741 1799 1797; baseline -0.001 -15"><span class='ocrx_word' id='word_1_185' title='bbox 268 1742 468 1792; x_wconf 87' lang='lat' dir='ltr'><strong>Xerxen,</strong></span> <span class='ocrx_word' id='word_1_186' title='bbox 500 1742 546 1782; x_wconf 92' lang='lat' dir='ltr'><strong>in</strong></span> <span class='ocrx_word' id='word_1_187' title='bbox 566 1742 751 1783; x_wconf 90' lang='lat' dir='ltr'><strong>Aemilio</strong></span> <span class='ocrx_word' id='word_1_188' title='bbox 771 1743 1023 1783; x_wconf 88' lang='lat' dir='ltr'><strong>Alcibiaden</strong></span> <span class='ocrx_word' id='word_1_189' title='bbox 1045 1742 1345 1797; x_wconf 88' lang='lat' dir='ltr'><strong>aequauimus,</strong></span> <span class='ocrx_word' id='word_1_190' title='bbox 1378 1742 1549 1796; x_wconf 91' lang='lat' dir='ltr'><strong>Epheso</strong></span> <span class='ocrx_word' id='word_1_191' title='bbox 1580 1741 1799 1782; x_wconf 84' lang='lat' dir='ltr'><strong>Salamina</strong></span> 
     </span>
     <span class='ocr_line' id='line_1_23' title="bbox 266 1810 1798 1866; baseline 0 -15"><span class='ocrx_word' id='word_1_192' title='bbox 266 1811 557 1864; x_wconf 91' lang='lat' dir='ltr'><strong>pensauimus.</strong></span> <span class='ocrx_word' id='word_1_193' title='bbox 592 1819 686 1853; x_wconf 91' lang='lat' dir='ltr'><strong>tum</strong></span> <span class='ocrx_word' id='word_1_194' title='bbox 706 1813 880 1853; x_wconf 90' lang='lat' dir='ltr'><strong>consule</strong></span> <span class='ocrx_word' id='word_1_195' title='bbox 903 1812 1117 1866; x_wconf 86' lang='lat' dir='ltr'><strong>Scipione,</strong></span> <span class='ocrx_word' id='word_1_196' title='bbox 1140 1813 1210 1853; x_wconf 89' lang='lat' dir='ltr'><strong>cui</strong></span> <span class='ocrx_word' id='word_1_197' title='bbox 1230 1813 1382 1862; x_wconf 89' lang='lat' dir='ltr'><strong>frater,</strong></span> <span class='ocrx_word' id='word_1_198' title='bbox 1415 1811 1488 1851; x_wconf 90' lang='lat' dir='ltr'><strong>ille</strong></span> <span class='ocrx_word' id='word_1_199' title='bbox 1516 1811 1642 1851; x_wconf 91' lang='lat' dir='ltr'><strong>modo</strong></span> <span class='ocrx_word' id='word_1_200' title='bbox 1661 1810 1798 1852; x_wconf 89' lang='lat' dir='ltr'><strong>uictor</strong></span> 
     </span>
     <span class='ocr_line' id='line_1_24' title="bbox 267 1880 1797 1936; baseline 0.001 -16"><span class='ocrx_word' id='word_1_201' title='bbox 267 1880 541 1934; x_wconf 86' lang='lat' dir='ltr'><strong>Carthaginis</strong></span> <span class='ocrx_word' id='word_1_202' title='bbox 561 1881 806 1932; x_wconf 85' lang='lat' dir='ltr'><strong>Africanus,</strong></span> <span class='ocrx_word' id='word_1_203' title='bbox 831 1884 976 1923; x_wconf 88' lang='lat' dir='ltr'><strong>aderat</strong></span> <span class='ocrx_word' id='word_1_204' title='bbox 995 1882 1239 1923; x_wconf 89' lang='lat' dir='ltr'><strong>uoluntaria</strong></span> <span class='ocrx_word' id='word_1_205' title='bbox 1259 1882 1489 1936; x_wconf 86' lang='lat' dir='ltr'><strong>legatione,</strong></span> <span class='ocrx_word' id='word_1_206' title='bbox 1513 1880 1715 1921; x_wconf 91' lang='lat' dir='ltr'><strong>debellari</strong></span> <span class='ocrx_word' id='word_1_207' title='bbox 1734 1895 1797 1921; x_wconf 85' lang='lat' dir='ltr'><strong>re·</strong></span> 
     </span>
     <span class='ocr_line' id='line_1_25' title="bbox 266 1937 1794 2003; baseline 0.001 -14"><span class='ocrx_word' id='word_1_208' title='bbox 266 1963 363 2003; x_wconf 90' lang='lat' dir='ltr'><strong>gem</strong></span> <span class='ocrx_word' id='word_1_209' title='bbox 383 1950 537 2003; x_wconf 89' lang='lat' dir='ltr'><strong>placet.</strong></span> <span class='ocrx_word' id='word_1_210' title='bbox 572 1958 615 1991; x_wconf 92' lang='lat' dir='ltr'><strong>et</strong></span> <span class='ocrx_word' id='word_1_211' title='bbox 642 1951 728 1992; x_wconf 87' lang='lat' dir='ltr'><strong>iam</strong></span> <span class='ocrx_word' id='word_1_212' title='bbox 756 1958 844 1993; x_wconf 88' lang='lat' dir='ltr'><strong>toto</strong></span> <span class='ocrx_word' id='word_1_213' title='bbox 875 1959 1057 1993; x_wconf 88' lang='lat' dir='ltr'><strong>cesserat</strong></span> <span class='ocrx_word' id='word_1_214' title='bbox 1086 1953 1219 2002; x_wconf 91' lang='lat' dir='ltr'><strong>mari,</strong></span> <span class='ocrx_word' id='word_1_215' title='bbox 1259 1954 1332 1993; x_wconf 92' lang='lat' dir='ltr'><strong>sed</strong></span> <span class='ocrx_word' id='word_1_216' title='bbox 1360 1966 1437 1992; x_wconf 90' lang='lat' dir='ltr'><strong>nos</strong></span> <span class='ocrx_word' id='word_1_217' title='bbox 1466 1937 1794 1991; x_wconf 69' lang='lat' dir='ltr'><strong>imus&#39;ulterius.</strong></span> 
     </span>
     <span class='ocr_line' id='line_1_26' title="bbox 267 2019 1868 2076; baseline -0.001 -17"><span class='ocrx_word' id='word_1_218' title='bbox 267 2019 550 2060; x_wconf 88' lang='lat' dir='ltr'><strong>Maeandrum</strong></span> <span class='ocrx_word' id='word_1_219' title='bbox 580 2022 634 2061; x_wconf 87' lang='lat' dir='ltr'><strong>ad</strong></span> <span class='ocrx_word' id='word_1_220' title='bbox 662 2035 831 2062; x_wconf 87' lang='lat' dir='ltr'><strong>amnem</strong></span> <span class='ocrx_word' id='word_1_221' title='bbox 858 2028 1131 2076; x_wconf 92' lang='lat' dir='ltr'><strong>montemque</strong></span> <span class='ocrx_word' id='word_1_222' title='bbox 1170 2022 1366 2075; x_wconf 89' lang='lat' dir='ltr'><strong>Sipylum</strong></span> <span class='ocrx_word' id='word_1_223' title='bbox 1396 2027 1533 2061; x_wconf 90' lang='lat' dir='ltr'><strong>castra</strong></span> <span class='ocrx_word' id='word_1_224' title='bbox 1561 2026 1793 2073; x_wconf 90' lang='lat' dir='ltr'><strong>ponuntur.</strong></span> <span class='ocrx_word' id='word_1_225' title='bbox 1825 2027 1868 2059; x_wconf 83' lang='lat'><strong>25</strong></span> 
     </span>
     <span class='ocr_line' id='line_1_27' title="bbox 267 2088 1796 2145; baseline 0 -17"><span class='ocrx_word' id='word_1_226' title='bbox 267 2088 337 2128; x_wconf 82' lang='lat' dir='ltr'><strong>hic</strong></span> <span class='ocrx_word' id='word_1_227' title='bbox 356 2103 456 2138; x_wconf 90' lang='lat' dir='ltr'><strong>rex,</strong></span> <span class='ocrx_word' id='word_1_228' title='bbox 479 2089 727 2131; x_wconf 90' lang='lat' dir='ltr'><strong>incredibile</strong></span> <span class='ocrx_word' id='word_1_229' title='bbox 748 2091 867 2132; x_wconf 82' lang='lat' dir='ltr'><strong>dictu</strong></span> <span class='ocrx_word' id='word_1_230' title='bbox 887 2091 1042 2145; x_wconf 92' lang='lat' dir='ltr'><strong>quibus</strong></span> <span class='ocrx_word' id='word_1_231' title='bbox 1063 2091 1235 2131; x_wconf 86' lang='lat' dir='ltr'><strong>auxiliis</strong></span> <span class='ocrx_word' id='word_1_232' title='bbox 1248 2122 1260 2140; x_wconf 94' lang='lat'><strong>,</strong></span> <span class='ocrx_word' id='word_1_233' title='bbox 1294 2090 1448 2144; x_wconf 92' lang='lat' dir='ltr'><strong>quibus</strong></span> <span class='ocrx_word' id='word_1_234' title='bbox 1471 2089 1603 2144; x_wconf 91' lang='lat' dir='ltr'><strong>copiis</strong></span> <span class='ocrx_word' id='word_1_235' title='bbox 1616 2120 1628 2138; x_wconf 89' lang='lat'><strong>,</strong></span> <span class='ocrx_word' id='word_1_236' title='bbox 1653 2102 1796 2129; x_wconf 90' lang='lat' dir='ltr'><strong>conse-</strong></span> 
     </span>
     <span class='ocr_line' id='line_1_28' title="bbox 267 2159 1800 2215; baseline -0.001 -17"><span class='ocrx_word' id='word_1_237' title='bbox 267 2159 399 2199; x_wconf 88' lang='lat' dir='ltr'><strong>derat.</strong></span> <span class='ocrx_word' id='word_1_238' title='bbox 435 2165 624 2200; x_wconf 90' lang='lat' dir='ltr'><strong>trecenta</strong></span> <span class='ocrx_word' id='word_1_239' title='bbox 643 2160 764 2200; x_wconf 86' lang='lat' dir='ltr'><strong>milia</strong></span> <span class='ocrx_word' id='word_1_240' title='bbox 782 2160 999 2215; x_wconf 89' lang='lat' dir='ltr'><strong>peditum,</strong></span> <span class='ocrx_word' id='word_1_241' title='bbox 1031 2161 1223 2214; x_wconf 91' lang='lat' dir='ltr'><strong>equitum</strong></span> <span class='ocrx_word' id='word_1_242' title='bbox 1243 2160 1578 2213; x_wconf 88' lang='lat' dir='ltr'><strong>falcatorumque</strong></span> <span class='ocrx_word' id='word_1_243' title='bbox 1599 2172 1800 2198; x_wconf 89' lang='lat' dir='ltr'><strong>curruum</strong></span> 
     </span>
     <span class='ocr_line' id='line_1_29' title="bbox 266 2226 1797 2284; baseline -0.001 -16"><span class='ocrx_word' id='word_1_244' title='bbox 266 2242 353 2269; x_wconf 91' lang='lat' dir='ltr'><strong>non</strong></span> <span class='ocrx_word' id='word_1_245' title='bbox 374 2228 513 2269; x_wconf 90' lang='lat' dir='ltr'><strong>minor</strong></span> <span class='ocrx_word' id='word_1_246' title='bbox 533 2244 753 2271; x_wconf 89' lang='lat' dir='ltr'><strong>numerus.</strong></span> <span class='ocrx_word' id='word_1_247' title='bbox 788 2230 1031 2284; x_wconf 87' lang='lat' dir='ltr'><strong>elephantis</strong></span> <span class='ocrx_word' id='word_1_248' title='bbox 1053 2231 1107 2271; x_wconf 89' lang='lat' dir='ltr'><strong>ad</strong></span> <span class='ocrx_word' id='word_1_249' title='bbox 1127 2230 1209 2270; x_wconf 89' lang='lat' dir='ltr'><strong>hoc</strong></span> <span class='ocrx_word' id='word_1_250' title='bbox 1229 2229 1448 2270; x_wconf 88' lang='lat' dir='ltr'><strong>inmensae</strong></span> <span class='ocrx_word' id='word_1_251' title='bbox 1469 2226 1797 2283; x_wconf 83' lang='lat' dir='ltr'><strong>magnitudinis,</strong></span> 
     </span>
    </p>
   </div>
   <div class='ocr_carea' id='block_1_3' title="bbox 265 2415 1808 2968">
    <p class='ocr_par' dir='ltr' id='par_1_3' title="bbox 265 2415 1808 2968">
     <span class='ocr_line' id='line_1_30' title="bbox 265 2415 1797 2464; baseline -0.001 -13"><span class='ocrx_word' id='word_1_252' title='bbox 265 2420 284 2451; x_wconf 88' lang='lat'><strong>3</strong></span> <span class='ocrx_word' id='word_1_253' title='bbox 304 2418 459 2453; x_wconf 87' lang='lat' dir='ltr'><strong>asiastici</strong></span> <span class='ocrx_word' id='word_1_254' title='bbox 475 2418 569 2452; x_wconf 85' lang='lat' dir='ltr'><strong>bella</strong></span> <span class='ocrx_word' id='word_1_255' title='bbox 584 2426 618 2453; x_wconf 87' lang='lat' dir='ltr'><em>N</em></span> <span class='ocrx_word' id='word_1_256' title='bbox 632 2419 642 2464; x_wconf 79' lang='grc' dir='ltr'><strong>ΙΙ</strong></span> <span class='ocrx_word' id='word_1_257' title='bbox 661 2423 715 2453; x_wconf 90' lang='lat' dir='ltr'><strong>set</strong></span> <span class='ocrx_word' id='word_1_258' title='bbox 730 2419 995 2454; x_wconf 74' lang='lat' dir='ltr'><strong>Freinshemius</strong></span> <span class='ocrx_word' id='word_1_259' title='bbox 1007 2433 1018 2452; x_wconf 92' lang='lat'><em>:</em></span> <span class='ocrx_word' id='word_1_260' title='bbox 1037 2423 1074 2453; x_wconf 91' lang='lat' dir='ltr'><strong>et</strong></span> <span class='ocrx_word' id='word_1_261' title='bbox 1090 2426 1145 2452; x_wconf 81' lang='grc' dir='ltr'><strong>ΒΝ</strong></span> <span class='ocrx_word' id='word_1_262' title='bbox 1170 2418 1180 2464; x_wconf 82' lang='grc' dir='ltr'><strong>ΙΙ</strong></span> <span class='ocrx_word' id='word_1_263' title='bbox 1199 2421 1219 2452; x_wconf 92' lang='grc'>4</span> <span class='ocrx_word' id='word_1_264' title='bbox 1236 2418 1411 2452; x_wconf 88' lang='lat' dir='ltr'><strong>indixisse</strong></span> <span class='ocrx_word' id='word_1_265' title='bbox 1439 2419 1630 2451; x_wconf 81' lang='lat' dir='ltr'><strong>contentus</strong></span> <span class='ocrx_word' id='word_1_266' title='bbox 1658 2415 1797 2450; x_wconf 82' lang='lat' dir='ltr'><strong>fortiter</strong></span> 
     </span>
     <span class='ocr_line' id='line_1_31' title="bbox 266 2471 1794 2519; baseline -0.002 -11"><span class='ocrx_word' id='word_1_267' title='bbox 266 2474 451 2508; x_wconf 89' lang='lat' dir='ltr'><strong>induxisse</strong></span> <span class='ocrx_word' id='word_1_268' title='bbox 466 2474 601 2508; x_wconf 91' lang='lat' dir='ltr'><strong>bellum</strong></span> <span class='ocrx_word' id='word_1_269' title='bbox 611 2484 647 2517; x_wconf 84' lang='lat' dir='ltr'><strong>B,</strong></span> <span class='ocrx_word' id='word_1_270' title='bbox 668 2480 868 2510; x_wconf 89' lang='lat' dir='ltr'><strong>conuentus</strong></span> <span class='ocrx_word' id='word_1_271' title='bbox 880 2475 1021 2509; x_wconf 86' lang='lat' dir='ltr'><strong>fortiter</strong></span> <span class='ocrx_word' id='word_1_272' title='bbox 1038 2474 1210 2509; x_wconf 78' lang='lat' dir='ltr'><strong>indixisse</strong></span> <span class='ocrx_word' id='word_1_273' title='bbox 1220 2474 1399 2508; x_wconf 90' lang='lat' dir='ltr'><strong>bellumN</strong></span> <span class='ocrx_word' id='word_1_274' title='bbox 1413 2473 1424 2519; x_wconf 79' lang='grc' dir='ltr'><strong>ΙΙ</strong></span> <span class='ocrx_word' id='word_1_275' title='bbox 1443 2484 1523 2506; x_wconf 91' lang='lat' dir='ltr'><strong>cum</strong></span> <span class='ocrx_word' id='word_1_276' title='bbox 1533 2479 1622 2505; x_wconf 87' lang='lat' dir='ltr'><strong>omB</strong></span> <span class='ocrx_word' id='word_1_277' title='bbox 1639 2471 1651 2516; x_wconf 79' lang='grc' dir='ltr'><strong>ΙΙ</strong></span> <span class='ocrx_word' id='word_1_278' title='bbox 1668 2473 1688 2506; x_wconf 87' lang='grc'><strong>6</strong></span> <span class='ocrx_word' id='word_1_279' title='bbox 1705 2475 1794 2505; x_wconf 77' lang='lat' dir='ltr'><strong>tam-</strong></span> 
     </span>
     <span class='ocr_line' id='line_1_32' title="bbox 266 2527 1797 2577; baseline -0.003 -14"><span class='ocrx_word' id='word_1_280' title='bbox 266 2541 372 2575; x_wconf 86' lang='lat' dir='ltr'><strong>quam</strong></span> <span class='ocrx_word' id='word_1_281' title='bbox 390 2530 504 2564; x_wconf 88' lang='lat' dir='ltr'><strong>uictor</strong></span> <span class='ocrx_word' id='word_1_282' title='bbox 519 2539 552 2564; x_wconf 88' lang='lat' dir='ltr'><em>N</em></span> <span class='ocrx_word' id='word_1_283' title='bbox 566 2531 577 2576; x_wconf 76' lang='lat' dir='ltr'>ss</span> <span class='ocrx_word' id='word_1_284' title='bbox 596 2532 767 2566; x_wconf 88' lang='lat' dir='ltr'><strong>euboeam</strong></span> <span class='ocrx_word' id='word_1_285' title='bbox 783 2539 816 2565; x_wconf 92' lang='lat' dir='ltr'><em>N</em></span> <span class='ocrx_word' id='word_1_286' title='bbox 831 2531 842 2577; x_wconf 80' lang='grc' dir='ltr'><strong>ΙΙ</strong></span> <span class='ocrx_word' id='word_1_287' title='bbox 863 2534 879 2565; x_wconf 86' lang='grc'><strong>7</strong></span> <span class='ocrx_word' id='word_1_288' title='bbox 898 2530 1016 2565; x_wconf 91' lang='lat' dir='ltr'><strong>tenuit</strong></span> <span class='ocrx_word' id='word_1_289' title='bbox 1030 2538 1063 2564; x_wconf 93' lang='lat' dir='ltr'><em>N</em></span> <span class='ocrx_word' id='word_1_290' title='bbox 1077 2530 1088 2576; x_wconf 80' lang='grc' dir='ltr'>Η</span> <span class='ocrx_word' id='word_1_291' title='bbox 1106 2531 1259 2565; x_wconf 88' lang='lat' dir='ltr'><strong>abscidit</strong></span> <span class='ocrx_word' id='word_1_292' title='bbox 1269 2538 1327 2564; x_wconf 87' lang='lat' dir='ltr'><strong>BN</strong></span> <span class='ocrx_word' id='word_1_293' title='bbox 1342 2531 1352 2576; x_wconf 84' lang='grc' dir='ltr'><strong>ΙΙ</strong></span> <span class='ocrx_word' id='word_1_294' title='bbox 1373 2532 1392 2564; x_wconf 88' lang='grc'>8</span> <span class='ocrx_word' id='word_1_295' title='bbox 1411 2529 1595 2573; x_wconf 89' lang='lat' dir='ltr'><strong>siricisque</strong></span> <span class='ocrx_word' id='word_1_296' title='bbox 1610 2536 1636 2562; x_wconf 86' lang='lat' dir='ltr'><em>B</em></span> <span class='ocrx_word' id='word_1_297' title='bbox 1653 2527 1664 2572; x_wconf 72' lang='lat' dir='ltr'>ss</span> <span class='ocrx_word' id='word_1_298' title='bbox 1681 2529 1702 2560; x_wconf 83' lang='lat'><strong>9</strong></span> <span class='ocrx_word' id='word_1_299' title='bbox 1719 2537 1797 2571; x_wconf 84' lang='lat' dir='ltr'><strong>pre-</strong></span> 
     </span>
     <span class='ocr_line' id='line_1_33' title="bbox 266 2582 1795 2632; baseline -0.003 -12"><span class='ocrx_word' id='word_1_300' title='bbox 266 2586 417 2620; x_wconf 82' lang='lat' dir='ltr'><strong>fluentes</strong></span> <span class='ocrx_word' id='word_1_301' title='bbox 425 2597 482 2631; x_wconf 84' lang='lat' dir='ltr'><strong>aq.</strong></span> <span class='ocrx_word' id='word_1_302' title='bbox 494 2586 634 2628; x_wconf 85' lang='lat' dir='ltr'><strong>tibiisB,</strong></span> <span class='ocrx_word' id='word_1_303' title='bbox 648 2587 876 2622; x_wconf 85' lang='lat' dir='ltr'><strong>interfluenta</strong></span> <span class='ocrx_word' id='word_1_304' title='bbox 884 2587 982 2622; x_wconf 88' lang='lat' dir='ltr'><strong>tibiis</strong></span> <span class='ocrx_word' id='word_1_305' title='bbox 994 2595 1027 2621; x_wconf 94' lang='lat' dir='ltr'><em>N</em></span> <span class='ocrx_word' id='word_1_306' title='bbox 1041 2586 1052 2632; x_wconf 72' lang='lat' dir='ltr'>fl</span> <span class='ocrx_word' id='word_1_307' title='bbox 1071 2587 1270 2621; x_wconf 84' lang='lat' dir='ltr'><strong>contineret</strong></span> <span class='ocrx_word' id='word_1_308' title='bbox 1284 2594 1318 2621; x_wconf 92' lang='lat' dir='ltr'><em>N</em></span> <span class='ocrx_word' id='word_1_309' title='bbox 1332 2586 1343 2631; x_wconf 75' lang='grc' dir='ltr'>Η</span> <span class='ocrx_word' id='word_1_310' title='bbox 1366 2589 1404 2620; x_wconf 89' lang='grc'><strong>10</strong></span> <span class='ocrx_word' id='word_1_311' title='bbox 1422 2584 1567 2631; x_wconf 89' lang='lat' dir='ltr'><strong>aliquod</strong></span> <span class='ocrx_word' id='word_1_312' title='bbox 1584 2594 1714 2629; x_wconf 87' lang='lat' dir='ltr'><strong>genere</strong></span> <span class='ocrx_word' id='word_1_313' title='bbox 1731 2582 1795 2616; x_wconf 90' lang='lat' dir='ltr'><strong>du-</strong></span> 
     </span>
     <span class='ocr_line' id='line_1_34' title="bbox 266 2638 1796 2689; baseline -0.003 -14"><span class='ocrx_word' id='word_1_314' title='bbox 266 2653 342 2676; x_wconf 90' lang='lat' dir='ltr'><strong>cem</strong></span> <span class='ocrx_word' id='word_1_315' title='bbox 351 2646 499 2687; x_wconf 85' lang='lat' dir='ltr'><strong>generet</strong></span> <span class='ocrx_word' id='word_1_316' title='bbox 507 2650 543 2683; x_wconf 84' lang='lat' dir='ltr'><strong>B,</strong></span> <span class='ocrx_word' id='word_1_317' title='bbox 564 2642 685 2688; x_wconf 89' lang='lat' dir='ltr'><strong>aliquo</strong></span> <span class='ocrx_word' id='word_1_318' title='bbox 695 2643 827 2677; x_wconf 84' lang='lat' dir='ltr'><strong>ducum</strong></span> <span class='ocrx_word' id='word_1_319' title='bbox 839 2655 969 2689; x_wconf 90' lang='lat' dir='ltr'><strong>genere</strong></span> <span class='ocrx_word' id='word_1_320' title='bbox 985 2655 1091 2688; x_wconf 87' lang='lat' dir='ltr'><strong>agere</strong></span> <span class='ocrx_word' id='word_1_321' title='bbox 1110 2643 1333 2677; x_wconf 88' lang='lat' dir='ltr'><strong>uidereturN</strong></span> <span class='ocrx_word' id='word_1_322' title='bbox 1347 2643 1358 2687; x_wconf 74' lang='lat' dir='ltr'>ss</span> <span class='ocrx_word' id='word_1_323' title='bbox 1379 2644 1420 2676; x_wconf 87' lang='lat'><strong>12</strong></span> <span class='ocrx_word' id='word_1_324' title='bbox 1432 2653 1496 2675; x_wconf 84' lang='lat' dir='ltr'><strong>sua</strong></span> <span class='ocrx_word' id='word_1_325' title='bbox 1512 2639 1693 2674; x_wconf 84' lang='lat' dir='ltr'><strong>luxuriaN</strong></span> <span class='ocrx_word' id='word_1_326' title='bbox 1707 2638 1718 2682; x_wconf 71' lang='grc' dir='ltr'><strong>Ιὶ</strong></span> <span class='ocrx_word' id='word_1_327' title='bbox 1737 2638 1796 2672; x_wconf 88' lang='lat' dir='ltr'><strong>de-</strong></span> 
     </span>
     <span class='ocr_line' id='line_1_35' title="bbox 265 2695 1808 2744; baseline -0.003 -13"><span class='ocrx_word' id='word_1_328' title='bbox 265 2697 438 2732; x_wconf 79' lang='lat' dir='ltr'><strong>bellatum</strong></span> <span class='ocrx_word' id='word_1_329' title='bbox 447 2698 603 2743; x_wconf 79' lang='lat' dir='ltr'><strong>populus</strong></span> <span class='ocrx_word' id='word_1_330' title='bbox 612 2710 781 2733; x_wconf 85' lang='lat' dir='ltr'><strong>romanus</strong></span> <span class='ocrx_word' id='word_1_331' title='bbox 791 2699 894 2733; x_wconf 82' lang='lat' dir='ltr'><strong>acilio</strong></span> <span class='ocrx_word' id='word_1_332' title='bbox 912 2699 1096 2744; x_wconf 85' lang='lat' dir='ltr'><strong>glabrione</strong></span> <span class='ocrx_word' id='word_1_333' title='bbox 1114 2699 1261 2733; x_wconf 81' lang='lat' dir='ltr'><strong>consule</strong></span> <span class='ocrx_word' id='word_1_334' title='bbox 1278 2698 1315 2733; x_wconf 89' lang='lat' dir='ltr'><strong>in</strong></span> <span class='ocrx_word' id='word_1_335' title='bbox 1326 2707 1359 2733; x_wconf 90' lang='lat' dir='ltr'><em>N</em></span> <span class='ocrx_word' id='word_1_336' title='bbox 1373 2698 1384 2743; x_wconf 89' lang='grc' dir='ltr'><strong>ΙΙ</strong></span> <span class='ocrx_word' id='word_1_337' title='bbox 1405 2699 1445 2731; x_wconf 89' lang='grc'><strong>14</strong></span> <span class='ocrx_word' id='word_1_338' title='bbox 1457 2707 1538 2731; x_wconf 86' lang='lat' dir='ltr'><strong>cum</strong></span> <span class='ocrx_word' id='word_1_339' title='bbox 1546 2704 1572 2729; x_wconf 81' lang='lat' dir='ltr'><em>B</em></span> <span class='ocrx_word' id='word_1_340' title='bbox 1588 2695 1599 2740; x_wconf 89' lang='grc' dir='ltr'><strong>ΙΙ</strong></span> <span class='ocrx_word' id='word_1_341' title='bbox 1622 2697 1661 2729; x_wconf 85' lang='grc'><strong>15</strong></span> <span class='ocrx_word' id='word_1_342' title='bbox 1672 2699 1808 2728; x_wconf 88' lang='lat' dir='ltr'><strong>trecen-</strong></span> 
     </span>
     <span class='ocr_line' id='line_1_36' title="bbox 266 2749 1797 2801; baseline -0.003 -13"><span class='ocrx_word' id='word_1_343' title='bbox 266 2754 312 2788; x_wconf 86' lang='lat' dir='ltr'><strong>tis</strong></span> <span class='ocrx_word' id='word_1_344' title='bbox 321 2762 353 2788; x_wconf 91' lang='lat' dir='ltr'><em>N</em></span> <span class='ocrx_word' id='word_1_345' title='bbox 369 2753 380 2798; x_wconf 84' lang='grc' dir='ltr'><strong>ΙΙ</strong></span> <span class='ocrx_word' id='word_1_346' title='bbox 398 2754 523 2788; x_wconf 88' lang='lat' dir='ltr'><strong>sedeN</strong></span> <span class='ocrx_word' id='word_1_347' title='bbox 537 2754 548 2800; x_wconf 76' lang='lat' dir='ltr'><strong>[l</strong></span> <span class='ocrx_word' id='word_1_348' title='bbox 569 2756 609 2787; x_wconf 85' lang='lat'><strong>17</strong></span> <span class='ocrx_word' id='word_1_349' title='bbox 621 2758 658 2788; x_wconf 92' lang='lat' dir='ltr'><strong>et</strong></span> <span class='ocrx_word' id='word_1_350' title='bbox 666 2765 710 2788; x_wconf 86' lang='lat' dir='ltr'><strong>ex</strong></span> <span class='ocrx_word' id='word_1_351' title='bbox 719 2762 752 2788; x_wconf 89' lang='lat' dir='ltr'><em>N</em></span> <span class='ocrx_word' id='word_1_352' title='bbox 767 2755 778 2801; x_wconf 75' lang='grc' dir='ltr'>Η</span> <span class='ocrx_word' id='word_1_353' title='bbox 797 2754 924 2789; x_wconf 87' lang='lat' dir='ltr'><strong>clausis</strong></span> <span class='ocrx_word' id='word_1_354' title='bbox 941 2755 1075 2800; x_wconf 85' lang='lat' dir='ltr'><strong>stregia</strong></span> <span class='ocrx_word' id='word_1_355' title='bbox 1089 2762 1122 2788; x_wconf 89' lang='lat' dir='ltr'><em>N</em></span> <span class='ocrx_word' id='word_1_356' title='bbox 1137 2754 1147 2798; x_wconf 79' lang='grc' dir='ltr'><strong>ΙΙ</strong></span> <span class='ocrx_word' id='word_1_357' title='bbox 1170 2756 1210 2788; x_wconf 86' lang='grc'><strong>18</strong></span> <span class='ocrx_word' id='word_1_358' title='bbox 1227 2753 1435 2800; x_wconf 87' lang='lat' dir='ltr'><strong>polyxenidi</strong></span> <span class='ocrx_word' id='word_1_359' title='bbox 1445 2761 1478 2787; x_wconf 88' lang='lat' dir='ltr'><em>N</em></span> <span class='ocrx_word' id='word_1_360' title='bbox 1493 2751 1503 2797; x_wconf 80' lang='grc' dir='ltr'><strong>ΙΙ</strong></span> <span class='ocrx_word' id='word_1_361' title='bbox 1526 2754 1565 2785; x_wconf 89' lang='grc'><strong>19</strong></span> <span class='ocrx_word' id='word_1_362' title='bbox 1574 2754 1715 2796; x_wconf 84' lang='lat' dir='ltr'><strong>poterat</strong></span> <span class='ocrx_word' id='word_1_363' title='bbox 1730 2749 1797 2794; x_wconf 81' lang='lat' dir='ltr'><strong>igi-</strong></span> 
     </span>
     <span class='ocr_line' id='line_1_37' title="bbox 266 2806 1797 2856; baseline -0.003 -13"><span class='ocrx_word' id='word_1_364' title='bbox 266 2815 324 2843; x_wconf 82' lang='lat' dir='ltr'><strong>tur</strong></span> <span class='ocrx_word' id='word_1_365' title='bbox 336 2809 465 2844; x_wconf 88' lang='lat' dir='ltr'><strong>duceN</strong></span> <span class='ocrx_word' id='word_1_366' title='bbox 482 2810 493 2856; x_wconf 86' lang='grc' dir='ltr'><strong>ΙΙ</strong></span> <span class='ocrx_word' id='word_1_367' title='bbox 512 2810 857 2856; x_wconf 78' lang='lat' dir='ltr'><strong>20placeathenae1v</strong></span> <span class='ocrx_word' id='word_1_368' title='bbox 874 2809 885 2854; x_wconf 74' lang='lat' dir='ltr'>ss</span> <span class='ocrx_word' id='word_1_369' title='bbox 903 2812 941 2843; x_wconf 86' lang='grc'><strong>21</strong></span> <span class='ocrx_word' id='word_1_370' title='bbox 958 2818 1117 2844; x_wconf 84' lang='lat' dir='ltr'><strong>xersenB</strong></span> <span class='ocrx_word' id='word_1_371' title='bbox 1134 2810 1145 2854; x_wconf 70' lang='grc' dir='ltr'><strong>ΙΙ</strong></span> <span class='ocrx_word' id='word_1_372' title='bbox 1163 2810 1406 2844; x_wconf 84' lang='lat' dir='ltr'><strong>alcibiademB</strong></span> <span class='ocrx_word' id='word_1_373' title='bbox 1423 2809 1434 2854; x_wconf 79' lang='grc' dir='ltr'><strong>ΙΙ</strong></span> <span class='ocrx_word' id='word_1_374' title='bbox 1453 2807 1612 2842; x_wconf 84' lang='lat' dir='ltr'><strong>efesiisN</strong></span> <span class='ocrx_word' id='word_1_375' title='bbox 1627 2806 1638 2851; x_wconf 77' lang='grc' dir='ltr'><strong>ΙΙ</strong></span> <span class='ocrx_word' id='word_1_376' title='bbox 1657 2808 1698 2840; x_wconf 90' lang='grc'><strong>22</strong></span> <span class='ocrx_word' id='word_1_377' title='bbox 1712 2817 1797 2851; x_wconf 88' lang='lat' dir='ltr'><strong>pen-</strong></span> 
     </span>
     <span class='ocr_line' id='line_1_38' title="bbox 266 2862 1793 2912; baseline -0.002 -13"><span class='ocrx_word' id='word_1_378' title='bbox 266 2877 384 2900; x_wconf 78' lang='lat' dir='ltr'><strong>samus</strong></span> <span class='ocrx_word' id='word_1_379' title='bbox 401 2874 433 2900; x_wconf 89' lang='lat' dir='ltr'><em>N</em></span> <span class='ocrx_word' id='word_1_380' title='bbox 448 2867 458 2912; x_wconf 83' lang='grc' dir='ltr'><strong>ΙΙ</strong></span> <span class='ocrx_word' id='word_1_381' title='bbox 478 2869 518 2900; x_wconf 89' lang='grc'><strong>23</strong></span> <span class='ocrx_word' id='word_1_382' title='bbox 537 2866 742 2901; x_wconf 84' lang='lat' dir='ltr'><strong>uoluntaria</strong></span> <span class='ocrx_word' id='word_1_383' title='bbox 757 2866 942 2912; x_wconf 83' lang='lat' dir='ltr'><strong>legatione</strong></span> <span class='ocrx_word' id='word_1_384' title='bbox 959 2866 1083 2900; x_wconf 86' lang='lat' dir='ltr'><strong>aderat</strong></span> <span class='ocrx_word' id='word_1_385' title='bbox 1099 2874 1131 2900; x_wconf 85' lang='lat' dir='ltr'><em>N</em></span> <span class='ocrx_word' id='word_1_386' title='bbox 1146 2867 1156 2910; x_wconf 74' lang='grc' dir='ltr'>Ιὶ</span> <span class='ocrx_word' id='word_1_387' title='bbox 1176 2868 1218 2899; x_wconf 91' lang='grc'><strong>25</strong></span> <span class='ocrx_word' id='word_1_388' title='bbox 1236 2865 1390 2911; x_wconf 84' lang='lat' dir='ltr'><strong>sipylum</strong></span> <span class='ocrx_word' id='word_1_389' title='bbox 1406 2869 1442 2899; x_wconf 91' lang='lat' dir='ltr'><strong>et</strong></span> <span class='ocrx_word' id='word_1_390' title='bbox 1458 2863 1586 2909; x_wconf 85' lang='lat' dir='ltr'><strong>spilum</strong></span> <span class='ocrx_word' id='word_1_391' title='bbox 1604 2867 1720 2897; x_wconf 84' lang='lat' dir='ltr'><strong>castra</strong></span> <span class='ocrx_word' id='word_1_392' title='bbox 1735 2869 1767 2896; x_wconf 89' lang='lat' dir='ltr'><em>N</em></span> <span class='ocrx_word' id='word_1_393' title='bbox 1781 2862 1793 2907; x_wconf 85' lang='grc' dir='ltr'><strong>ΙΙ</strong></span> 
     </span>
     <span class='ocr_line' id='line_1_39' title="bbox 267 2921 672 2968; baseline 0.007 -14"><span class='ocrx_word' id='word_1_394' title='bbox 267 2924 308 2954; x_wconf 80' lang='grc'><strong>27</strong></span> <span class='ocrx_word' id='word_1_395' title='bbox 328 2921 603 2968; x_wconf 81' lang='lat' dir='ltr'><strong>faleatoremque</strong></span> <span class='ocrx_word' id='word_1_396' title='bbox 619 2930 644 2957; x_wconf 86' lang='lat' dir='ltr'><em>B</em></span> <span class='ocrx_word' id='word_1_397' title='bbox 661 2923 672 2968; x_wconf 76' lang='grc' dir='ltr'><strong>ΙΙ</strong></span> 
     </span>
    </p>
   </div>
  </div>
 </body>
</html>
