2002 3320
273 250 325 290 20
906 262 997 291 ivm
1019 263 1147 291 FLom

271 374 465 414 agrorum
486 361 702 400 redactum
723 367 786 400 est
813 360 855 400 in
889 367 1143 414 potestatem
1174 368 1223 402 ut
1253 360 1299 401 in
1329 367 1425 402 utro
1455 361 1552 415 plus
1582 367 1691 402 esset
1719 374 1798 401 nec

269 430 359 483 ipse
379 436 522 483 posset
542 428 761 470 aestimare
783 429 855 482 qui
882 429 1055 471 uicerat.
1096 420 1099 422 ¹

620 658 625 665 ἡ
642 606 712 645 ΧΙ
719 636 726 644 .
763 604 1005 646 BELLVM
1027 604 1429 648 SAMNITICVM.

269 818 355 858 sius
377 833 452 871 pro
474 818 596 859 sociis
620 819 833 859 Samnitas
854 818 1036 859 inuadit.
1077 824 1166 858 erat
1193 818 1340 858 foedus
1371 833 1468 859 cum
1496 820 1687 874 utrisque
1707 836 1798 875 per-

268 902 464 936 cussum,
498 889 570 928 sed
607 888 687 928 hoc
721 888 929 942 Campani
959 887 1148 929 sanctius
1179 894 1220 928 et
1258 887 1376 941 prius
1405 888 1597 929 omnium
1625 903 1798 930 suorum

268 956 481 997 deditione
502 956 693 997 fecerunt
704 973 715 1005 ;
752 956 812 997 sic
843 971 942 1010 ergo
963 959 1185 998 Romanus
1205 957 1368 997 bellum
1389 957 1671 998 Samniticum
1691 965 1796 999 tam-

269 1040 396 1078 quam
417 1024 497 1066 sibi
517 1025 662 1079 gessit.

383 1094 590 1136 Omnium
609 1109 696 1135 non
716 1096 840 1135 modo
863 1095 1028 1144 Italiae,
1052 1097 1126 1136 sed
1146 1101 1234 1136 toto
1255 1096 1353 1136 orbe
1375 1102 1580 1137 terrarum
1601 1097 1796 1150 pulcher-

268 1164 374 1203 rima
403 1163 661 1217 Campaniae
700 1164 826 1218 plaga
864 1171 942 1205 est.
985 1164 1095 1204 nihil
1133 1164 1305 1205 mollius
1338 1165 1475 1205 caelo:
1519 1165 1701 1219 denique
1729 1165 1795 1206 bis

268 1233 443 1273 floribus
465 1240 629 1273 uernat.
663 1233 773 1273 nihil
801 1234 972 1275 uberius
1004 1234 1113 1274 solo:
1150 1233 1244 1274 ideo
1276 1233 1420 1274 Liberi
1441 1235 1688 1289 Cererisque
1709 1249 1796 1275 cer-

269 1310 412 1342 tamen
440 1302 609 1342 dicitur.
655 1301 765 1342 nihil
793 1301 1044 1355 hospitalius
1078 1302 1208 1343 mari:
1243 1302 1313 1343 hic
1343 1303 1407 1343 illi
1445 1304 1608 1345 nobiles
1650 1311 1796 1357 portus

196 750 245 789 16
269 745 499 790 ”Precibus
521 749 672 790 deinde
695 746 953 802 Campaniae
973 755 1114 790 motus
1143 763 1230 788 non
1256 763 1332 802 pro
1363 764 1431 798 se,
1464 751 1536 790 sed
1566 765 1615 791 eo
1635 751 1793 806 specio·
1824 753 1857 792 I

1827 830 1847 860 5

1826 1173 1868 1205 10

268 1372 417 1412 Caieta
437 1371 647 1421 Misenus,
671 1378 863 1424 tepentes
883 1370 1072 1412 fontibus
1093 1371 1223 1411 Baiae
1236 1403 1248 1420 ,
1282 1372 1494 1413 Lucrinus
1517 1380 1559 1414 et
1578 1373 1795 1422 Auernus,
1828 1370 1832 1374 ’

267 1442 476 1494 quaedam
496 1440 623 1481 maris
645 1440 745 1481 otia.
780 1440 850 1480 hic
881 1439 1005 1481 amici
1026 1440 1188 1481 uitibus
1209 1448 1376 1482 montes
1398 1442 1570 1483 Gaurus
1591 1442 1797 1483 Falernus

267 1509 476 1550 Massicus
518 1516 560 1550 et
598 1509 909 1563 pulcherrimus
951 1510 1144 1551 omnium
1179 1511 1395 1552 Vesuuius
1414 1543 1427 1560 ,
1470 1510 1653 1551 Aetnaei
1686 1511 1797 1565 ignis

266 1579 469 1620 imitator.
525 1580 649 1619 urbes
696 1580 749 1619 ad
792 1592 907 1618 mare
947 1579 1139 1619 Formiae
1181 1580 1343 1621 Cumae
1383 1580 1555 1621 Puteoli
1593 1580 1798 1634 Neapolis

269 1649 592 1689 Herculaneum
627 1648 830 1702 Pompei,
878 1654 920 1688 et
955 1647 1048 1701 ipsa
1077 1655 1205 1702 caput
1240 1649 1411 1689 urbium
1443 1651 1617 1703 Capua,
1665 1664 1797 1703 quon-

266 1718 364 1757 dam
385 1717 498 1757 inter
526 1724 610 1758 tres
644 1717 851 1758 maximas
890 1724 1126 1758 numerata.
1173 1732 1249 1771 pro
1284 1718 1365 1759 hac
1399 1719 1527 1768 urbe,
1560 1718 1628 1759 his
1663 1718 1797 1773 regio-

264 1786 390 1827 nibus
411 1787 594 1840 populus
615 1789 835 1828 Romanus
858 1787 1071 1828 Samnitas
1101 1787 1267 1828 inuadit
1281 1819 1293 1837 ,
1327 1794 1522 1841 gentem,
1555 1787 1591 1828 si
1621 1788 1797 1841 opulen-

266 1855 371 1896 tiam
400 1870 599 1909 quaeras,
647 1856 783 1898 aureis
820 1863 862 1896 et
893 1856 1102 1910 argenteis
1133 1856 1260 1897 armis
1291 1864 1333 1897 et
1363 1857 1559 1897 discolori
1580 1863 1699 1897 ueste
1728 1871 1797 1898 us-

264 1939 345 1978 que
375 1926 428 1965 ad
458 1924 666 1966 ambitum
695 1932 908 1974 ornatam;
943 1925 979 1966 si
1008 1925 1248 1975 fallaciam,
1293 1926 1470 1966 saltibus
1499 1926 1585 1966 fere
1617 1933 1658 1966 et
1678 1941 1797 1967 mon-

264 1993 373 2034 tium
392 1993 539 2034 fraude
559 2001 843 2047 grassantcm;
878 1994 912 2034 si
934 1994 1094 2034 rabiem
1115 2009 1164 2034 ac
1194 1995 1403 2044 furorem,
1437 1994 1610 2036 sacratis
1631 1995 1797 2048 legibus

265 2062 546 2115 humanisque
568 2063 718 2103 hostiis
747 2062 793 2102 in
825 2062 1005 2102 exitium
1034 2063 1149 2103 urbis
1179 2063 1384 2117 agitatam
1393 2079 1405 2111 3
1438 2063 1474 2104 si
1500 2063 1794 2117 pertinaciam,

266 2131 401 2173 sexies
423 2139 548 2186 rupto
568 2132 734 2172 foedere
755 2131 1031 2184 cladibusque
1062 2131 1165 2185 ipsis
1197 2131 1508 2172 animosiorem.
1542 2132 1620 2173 hos
1651 2139 1797 2172 tamen

266 2200 576 2254 quinquaginta
597 2200 719 2241 annis
739 2215 814 2254 per
835 2200 986 2241 Fabios
1009 2215 1056 2240 ac
1073 2199 1265 2254 Papirios
1286 2208 1426 2255 patres
1443 2215 1674 2254 eorumque
1690 2199 1794 2241 libe-

265 2285 332 2310 ros
355 2270 606 2324 ita-subegit
627 2285 675 2310 ac
696 2269 884 2318 domuit,
907 2268 969 2309 ita
988 2269 1133 2310 ruinas
1154 2269 1267 2323 ipsas
1288 2270 1460 2311 urbium
1481 2270 1628 2319 diruit,
1652 2276 1701 2310 ut
1720 2269 1795 2310 ho-

266 2339 333 2379 die
377 2339 601 2379 Samnium
637 2339 681 2379 in
725 2339 818 2393 ipso
854 2338 1029 2379 Samnio
1064 2339 1302 2392 requiratur
1336 2354 1414 2379 nec
1443 2339 1566 2380 facile
1597 2346 1796 2392 appareat

265 2408 441 2449 materia
462 2416 661 2462 quattuor
691 2416 733 2449 et
764 2408 919 2462 uiginti
950 2408 1278 2462 triumphorum.
1311 2408 1496 2449 maxime
1524 2415 1668 2449 tamen
1695 2414 1798 2449 nota

267 2599 280 2630 l
300 2600 354 2629 est
369 2607 424 2628 om
440 2603 473 2629 N
488 2595 498 2639 ΙΙ
518 2598 537 2628 4
554 2607 596 2628 eo
614 2596 795 2640 speciosus
811 2604 847 2638 B,
867 2608 922 2630 om
939 2605 958 2631 Ι
983 2596 994 2641 Η
1021 2599 1039 2629 5
1058 2600 1134 2630 erat
1148 2616 1191 2621 —
1213 2596 1326 2641 gessit
1342 2607 1397 2629 om
1413 2603 1433 2629 Ι
1448 2595 1459 2640 Η
1478 2597 1496 2628 7
1508 2592 1761 2628 deditionemB
1778 2591 1790 2636 ss

263 2654 283 2685 9
302 2663 374 2684 non
391 2650 510 2684 italiae
536 2655 677 2684 tantum
694 2651 757 2684 sed
774 2663 863 2695 pene
882 2656 958 2685 toto
976 2660 995 2685 Ι
1011 2652 1022 2697 ΙΙ
1043 2654 1083 2685 12
1097 2651 1336 2696 hospitalibus
1354 2651 1374 2684 b
1403 2650 1414 2695 ΙΙ
1439 2650 1498 2684 hic
1514 2649 1603 2683 MN.-
1632 2648 1717 2681 hinc
1732 2655 1758 2681 B
1775 2646 1787 2691 ΙΙ

267 2709 306 2741 13
323 2712 359 2740 et
375 2711 537 2751 tepentes
553 2713 586 2739 N
601 2705 612 2750 ΙῘ
634 2707 671 2738 11
689 2694 781 2740 ost'ia
797 2715 816 2739 Ι
837 2707 848 2751 l}
875 2707 996 2741 amicti
1011 2715 1045 2740 N
1066 2707 1077 2751 ΙΙ
1106 2709 1145 2740 15
1173 2710 1383 2740 cunctorum
1407 2704 1576 2739 vesubius
1598 2703 1645 2748 ΙΙΙ
1671 2702 1793 2737 ethnei

262 2771 313 2796 IN
327 2763 338 2807 Η
366 2764 406 2795 16
417 2766 492 2795 atN
507 2762 518 2806 Η
541 2763 578 2795 1*
567 2774 574 2793 ι
591 2761 870 2795 herculaniumB
887 2762 898 2805 11
921 2764 959 2795 18
977 2773 1112 2795 romam
1129 2761 1443 2806 carthaginemque
1448 2758 1710 2804 postmaxmas
1726 2758 1797 2792 add

261 2826 344 2858 BJN,
365 2818 422 2851 del
434 2816 629 2861 Haupmw.
650 2817 661 2861 ΙΙ
679 2816 899 2850 numeranda
913 2825 933 2850 Ι
948 2817 959 2861 Η
979 2819 1020 2850 19
1038 2817 1206 2850 invasitN
1222 2818 1233 2861 ss
1253 2819 1294 2850 20
1305 2819 1476 2849 armatam
1491 2814 1589 2848 misit
1605 2813 1789 2847 discolori-

262 2874 330 2907 bus
346 2881 378 2907 N
393 2873 403 2918 ΙΙ
423 2875 460 2906 21
474 2872 673 2907 ambituum
691 2872 710 2905 b
728 2872 739 2916 ΙΙ
757 2876 917 2905 ornatam
933 2871 1104 2905 Heinsius
1116 2885 1129 2904 .·
1145 2875 1315 2905 armatam
1330 2878 1373 2911 B,
1393 2881 1448 2903 om
1462 2877 1495 2903 N
1509 2869 1520 2914 ΙΙ
1538 2869 1712 2904 fallatiam
1727 2876 1758 2903 N
1774 2868 1787 2913 ΙΙ

262 2931 305 2962 22
324 2934 538 2962 crassantem
563 2936 611 2961 IN
634 2928 644 2971 Η
670 2927 777 2962 sacris
792 2935 818 2961 B
836 2927 846 2971 ΙΙ
865 2929 906 2961 25
924 2931 959 2960 et
974 2935 1007 2960 N
1022 2927 1032 2971 ΙΙ
1051 2929 1092 2959 27
1112 2926 1189 2970 ipsa
1205 2934 1255 2960 ΙΝ
1270 2926 1280 2970 ΙΙ

1827 1519 1868 1550 15

1824 1864 1870 1896 20

1823 2207 1866 2240 25
