2002 3320
309 247 387 286 106
938 262 1032 290 IVLI
1053 263 1183 291 FLom

305 372 386 410 que
406 372 560 411 genere
580 357 895 407 discriminum,
926 359 1126 401 ciuilibus
1153 361 1341 401 externis
1368 361 1594 402 seruilibus
1626 363 1831 405 terrestri-

306 428 385 467 bus
407 441 454 467 ac
475 426 703 467 naualibus
722 426 846 468 bellis
867 442 991 468 omne
1011 427 1178 482 imperii
1198 444 1349 483 corpus
1370 430 1580 484 agitatum
1600 440 1681 473 est.

681 574 783 616 XV.
817 575 1062 615 BELLVM
1083 575 1456 618 MVTINENSE.

149 707 240 741 1111,
265 695 288 731 4
307 697 453 738 Prima
473 696 666 737 ciuilium
685 703 881 737 motuum
902 711 1029 738 causa
1049 703 1355 739 testamentum
1374 698 1564 740 Caesaris
1585 700 1686 750 fuit,
1706 701 1828 742 cuius

307 768 519 808 secundus
540 767 660 806 heres
681 765 920 815 Antonius,
951 766 1189 819 praelatum
1219 766 1300 808 sibi
1319 768 1549 808 Octauium
1569 769 1737 818 furens,
1768 770 1832 810 in·
1861 778 1881 810 5

307 836 517 889 expiabile
539 842 685 876 contra
706 835 976 888 adoptionem
996 835 1187 876 acerrimi
1205 835 1374 878 iuuenis
1395 844 1635 891 susceperat
1653 839 1829 880 bellum.

308 906 465 959 quippe
485 920 583 945 cum
610 905 723 945 intra
752 912 953 945 octauum
981 905 1192 946 decimum
1221 920 1383 946 ann-um
1409 913 1604 948 tenerum
1633 914 1676 947 et
1705 908 1833 949 obno-

308 975 429 1014 xium
450 980 491 1014 et
512 981 798 1028 opportunum
824 974 1004 1016 iniuriae
1031 975 1233 1015 iuuenem
1262 975 1449 1025 uideret,
1482 976 1571 1031 ipse
1599 977 1751 1031 plenae
1780 991 1834 1018 ex

308 1044 555 1084 commilitio
576 1044 766 1084 Caesaris
787 1044 1008 1097 dign-itatis
1028 1044 1210 1084 lacerare
1230 1044 1354 1085 furtis
1374 1045 1668 1095 hereditatem,
1691 1046 1835 1100 ipsum

307 1113 506 1154 insectari
540 1113 703 1166 probris
716 1145 728 1162 ,
771 1113 936 1153 cunctis
978 1113 1139 1154 artibus
1175 1114 1487 1167 cooptationem
1522 1115 1660 1156 Iuliae
1692 1115 1833 1169 gentis
1861 1124 1903 1156 10

307 1183 523 1231 inhibere,
561 1182 742 1235 denique
772 1183 825 1222 ad
854 1182 1179 1236 opprimendum
1208 1182 1409 1222 iuuenem
1434 1184 1577 1236 palam
1604 1198 1720 1224 arma
1746 1199 1836 1225 mo-

308 1252 400 1301 liri,
432 1259 474 1292 et
502 1252 589 1291 iam
614 1258 761 1305 parato
783 1252 971 1292 exercitu
991 1252 1037 1291 in
1058 1251 1276 1304 Cisalpina
1296 1252 1440 1292 Gallia
1459 1252 1726 1294 resistentem
1744 1268 1833 1294 mo-

309 1321 423 1362 tibus
454 1320 543 1362 suis
571 1321 800 1361 Decimum
819 1324 1004 1361 Brutum
1032 1320 1235 1361 obsidere.
1280 1327 1324 1361 at
1352 1321 1560 1362 Octauius
1579 1323 1760 1372 Caesar,
1791 1329 1834 1363 et

311 1397 448 1430 aetate
484 1397 526 1430 et
560 1389 717 1430 iniuria
750 1390 1020 1439 fauorabilis,
1058 1396 1100 1430 et
1133 1389 1319 1430 nominis
1354 1390 1574 1430 maiestate
1608 1393 1722 1444 quod
1756 1391 1840 1433 sibi

311 1459 508 1499 induerat
544 1458 752 1500 reuocatis
783 1460 837 1500 ad
865 1474 982 1499 arma
1009 1458 1223 1499 ueteranis
1236 1490 1252 1507 ‚
1278 1458 1473 1512 priuatus
1495 1482 1545 1490 —
1568 1459 1665 1513 quis
1691 1462 1831 1501 crede-
1862 1468 1904 1500 15

310 1528 400 1568 ret?
421 1553 476 1559 --
504 1529 724 1569 consulem
751 1528 1018 1582 adgreditur,
1062 1528 1278 1569 obsidione
1315 1528 1513 1569 Mutinae
1545 1528 1697 1570 liberat
1725 1531 1833 1571 Bru-

311 1604 426 1646 tum,
449 1598 690 1638 Antonium
709 1598 829 1639 exuit
850 1597 1011 1639 castris.
1045 1603 1148 1637 tunc
1169 1597 1342 1650 quidem
1361 1596 1490 1638 etiam
1509 1612 1640 1638 manu
1659 1598 1841 1652 pulcher·

311 1667 521 1720 apparuit.
554 1682 656 1708 nam
676 1674 876 1708 cruentus
897 1675 939 1707 et
960 1666 1127 1707 saucius
1157 1666 1344 1720 aquilam
1363 1681 1388 1707 a
1407 1667 1612 1708 moriente
1633 1667 1832 1722 signifero

312 1736 512 1777 traditam
533 1737 620 1778 suis
640 1736 797 1778 umeris
818 1737 864 1777 in
885 1743 1022 1777 castra
1040 1736 1260 1776 referebat.

678 1905 806 1947 XVI.
839 1905 1084 1947 BELLVM
1107 1904 1477 1947 PERVSINVM.
1861 1915 1904 1947 20

152 2049 244 2085 1111,
269 2037 294 2075 5
309 2034 505 2074 Alterum
523 2034 686 2074 bellum
715 2035 947 2075 concitauit
974 2049 1171 2088 agrorum
1199 2034 1377 2083 diuisio,
1410 2036 1522 2087 quod
1542 2036 1698 2076 Caesar
1718 2042 1833 2076 uete-

309 2103 422 2144 ranis
457 2103 589 2157 patris
629 2103 814 2156 pretium
849 2103 1027 2143 militiae
1065 2103 1261 2143 soluerat.
1319 2117 1482 2156 semper
1523 2103 1626 2143 alias
1654 2103 1834 2144 Antonii

309 2171 542 2225 pessimum
570 2171 793 2225 ingenium
821 2172 976 2212 Fuluia
1011 2179 1103 2212 tum
1122 2171 1277 2225 gladio
1312 2171 1452 2211 cincta
1486 2171 1621 2212 uirilis
1655 2172 1834 2214 militiae

309 2255 418 2281 uxor
453 2240 655 2293 agitabat.
704 2255 802 2295 ergo
838 2242 1035 2295 depulsos
1071 2239 1180 2294 agris
1220 2240 1390 2281 colonos
1425 2240 1643 2281 incitando
1677 2242 1832 2283 iterum

312 2323 427 2350 arma
447 2309 589 2350 cierat.
631 2309 701 2350 hic
722 2324 823 2351 uero
852 2310 937 2351 iam
956 2325 1043 2351 non
1063 2309 1242 2363 priuatis
1255 2341 1268 2360 ‚
1301 2310 1374 2350 sed
1403 2309 1534 2351 totius
1556 2317 1728 2352 senatus
1749 2311 1834 2352 suf-
1861 2319 1904 2351 25

316 2521 326 2552 1
351 2519 506 2552 externis
530 2519 720 2554 seruilibus
744 2532 799 2553 om
822 2527 855 2553 N
878 2519 889 2564 11
916 2522 933 2552 7
963 2520 1084 2554 decem
1109 2524 1144 2554 et
1169 2524 1249 2554 octo
1274 2531 1386 2554 annos
1408 2529 1441 2555 N
1462 2521 1473 2566 ΙΙ
1498 2525 1534 2555 et
1561 2520 1755 2554 obnoxium
1779 2521 1836 2555 del

310 2575 494 2618 Hauptius
511 2575 522 2619 11
541 2577 560 2608 8
578 2579 794 2619 oportunum
810 2583 867 2609 BN
882 2576 892 2621 11
910 2575 939 2609 is
956 2576 1081 2620 plenae
1097 2584 1122 2610 B
1139 2576 1150 2620 11
1169 2578 1188 2610 9
1217 2576 1386 2610 laceraret
1411 2576 1516 2610 furtis
1541 2576 1774 2610 hereditatem
1789 2583 1830 2617 N,

312 2631 465 2664 lacerare
482 2630 551 2664 uiri
568 2630 674 2663 fortis
688 2635 724 2663 et
740 2631 906 2665 heredem
924 2635 960 2664 et
976 2631 1210 2666 heredi-tatem
1232 2639 1256 2664 B
1275 2631 1286 2676 11
1308 2634 1344 2664 11
1374 2631 1534 2665 inhibere
1559 2642 1632 2665 non
1656 2631 1834 2665 desineret

313 2686 466 2730 denique
482 2693 515 2719 N
529 2685 542 2730 11
559 2685 836 2729 depremendum
852 2694 885 2719 N
899 2686 910 2731 11
931 2688 969 2720 13
989 2687 1165 2721 obsidere.
1183 2691 1221 2721 at
1242 2687 1387 2731 scripsi.-
1413 2686 1593 2720 obsiderat
1615 2694 1659 2726 B,
1690 2685 1831 2720 obside-

311 2741 374 2775 bat
388 2749 421 2775 N
435 2741 446 2786 11
467 2743 507 2775 14·
524 2739 729 2775 saborabilis
745 2747 770 2773 B
788 2740 799 2784 11
816 2746 1012 2784 magestate
1027 2750 1052 2776 B
1070 2742 1080 2786 11
1102 2745 1141 2776 15
1161 2743 1302 2777 credere
1317 2751 1342 2776 B
1359 2742 1371 2787 11
1392 2745 1432 2776 16
1450 2741 1588 2775 obsidio
1610 2748 1641 2774 N
1657 2740 1668 2785 11
1698 2742 1736 2774 17
1755 2745 1834 2776 tum

310 2805 343 2830 N
358 2796 369 2841 11
391 2799 429 2830 18
455 2796 638 2830 aboriente
653 2803 678 2829 B
696 2794 706 2839 ΙΙ
728 2797 767 2828 19
794 2795 951 2829 humeris
967 2804 993 2829 B
1011 2797 1022 2840 ΙΙ
1042 2799 1079 2831 21
1110 2810 1199 2842 quos
1224 2807 1257 2832 N
1271 2799 1282 2844 11
1301 2801 1342 2832 22
1367 2796 1476 2842 patris
1494 2804 1542 2830 B:
1569 2796 1606 2830 in
1623 2796 1748 2830 castris
1770 2796 1829 2842 ΝΠ

309 2851 577 2895 persoluebatN
590 2851 602 2896 ΙΙ
620 2852 662 2884 23
680 2854 758 2884 tum
773 2850 823 2884 Μ
821 2851 1027 2884 ommsenius
1039 2866 1050 2884 :
1068 2858 1109 2886 ut
1129 2861 1166 2893 B,
1187 2865 1241 2886 om
1257 2861 1290 2887 N
1305 2853 1316 2897 ΙΙ
1335 2854 1376 2886 25
1387 2862 1484 2885 arma
1501 2850 1610 2885 cierat
1626 2850 1808 2895 Hauptius
1821 2864 1834 2883 .·

309 2906 346 2939 in
371 2918 467 2940 arma
482 2906 572 2941 ierat
583 2914 624 2948 N,
645 2906 682 2940 in
699 2917 796 2940 arma
811 2911 1042 2940 reuocauerat
1056 2915 1081 2940 B
1099 2909 1109 2951 11
1128 2919 1199 2941 nou
1217 2919 1271 2941 om
1287 2915 1312 2941 B
1330 2906 1341 2951 11
