2002 3320
845 282 1108 311 PRAEFA‘no.
1578 273 1779 311 XXXVII

221 400 305 441 quo
323 386 451 427 modo
469 385 549 426 sub
569 384 768 438 Augusto
789 384 843 425 ad
862 397 1012 438 pacem
1040 390 1083 425 et
1113 383 1303 439 quietem
1330 383 1516 438 populus
1550 397 1775 425 senescens

222 457 309 498 iam
326 453 592 511 peruenerit,
621 453 668 494 in
697 468 782 508 quo
800 455 933 496 finem
952 454 1055 496 facit
1068 487 1080 504 ‚
1115 469 1214 496 cum
1243 456 1296 496 de
1315 454 1409 510 ipsa
1429 461 1647 496 senectute
1666 453 1779 495 nihil

223 528 376 569 addere
394 526 441 567 in
462 525 607 567 animo
626 525 838 566 habuerit.
882 540 967 580 qua
995 525 1043 566 in
1069 541 1114 567 re
1144 526 1189 567 id
1219 539 1386 580 quoqne
1414 531 1568 566 notatu
1596 525 1778 579 dignum

221 605 309 647 est,
345 597 485 652 quod,
526 610 626 637 cum
654 611 791 651 usque
821 596 876 636 ad
903 596 1154 650 Augustum
1172 595 1383 651 populum
1401 596 1649 637 Romanum
1670 602 1777 636 tam-

219 683 350 724 quam
376 682 515 709 unum
542 665 765 707 hominem
798 666 999 716 finxerit,
1042 666 1117 721 qui
1154 680 1342 708 summas
1370 680 1435 707 res
1469 665 1560 720 ipse
1593 666 1775 721 perficit,

219 746 368 795 postea
386 739 635 793 Augustum
656 737 779 792 quasi
799 737 845 777 in
865 737 1006 779 locum
1028 736 1178 792 populi
1199 736 1386 778 Romani
1406 737 1629 778 succedere
1649 744 1778 791 atque

217 825 270 852 ea
287 818 526 865 perpetrare
546 808 697 863 fingit,
721 823 828 863 quae
849 815 976 849 antea
993 807 1178 862 populus
1198 814 1357 862 egerat.
1408 822 1562 849 uerum
1582 806 1712 848 etiam
1731 807 1777 848 in

220 880 403 934 siugulis
424 881 550 921 rebus
571 879 818 921 enarrandis
840 893 1005 933 semper
1025 885 1190 920 certum
1211 879 1424 934 quendam
1445 878 1637 920 ordinem
1656 893 1777 934 prae-

220 951 367 992 scribit
401 965 529 1005 quem
563 957 861 1005 persecuturus
891 956 971 992 est.
1028 949 1091 991 ita
1126 949 1241 1004 quod
1268 964 1298 1004 p
1332 953 1381 990 12
1394 981 1407 999 ,
1442 953 1493 989 27
1533 951 1773 1004 profitetur,

215 1018 342 1063 ‘liber
362 1021 450 1062 iam
479 1020 581 1062 hino
598 1020 786 1074 populus
806 1020 1031 1061 Romanus
1044 1020 1196 1074 prima
1225 1021 1431 1061 aduersus
1460 1023 1620 1062 exteros
1654 1034 1778 1062 arma

209 1106 295 1146 pro
317 1091 507 1132 libertate
527 1090 756 1145 cormPuit,
789 1105 885 1132 mox
903 1105 990 1144 pro
1005 1090 1204 1145 finibus,
1241 1089 1392 1131 deinde
1411 1104 1497 1144 pro
1517 1090 1663 1141 sociis,
1690 1097 1778 1132 tum

213 1161 356 1218 ylort'a
375 1167 417 1203 et
434 1157 648 1217 imperio’,
672 1161 715 1203 id
736 1168 932 1203 accurate
953 1160 1194 1215 exequitur.
1233 1160 1280 1201 cf
1293 1174 1322 1215 Ρ
1348 1164 1415 1211 13,
1450 1164 1473 1201 8
1491 1157 1646 1215 ‘pulsis
1676 1162 1779 1203 urbe

218 1232 387 1288 reqibus
409 1232 559 1287 prima
582 1247 669 1287 pro
691 1232 883 1274 libertate
903 1246 1028 1273 arma
1049 1226 1299 1285 corripuit}
1330 1245 1359 1286 Ρ
1383 1236 1454 1282 74,
1483 1236 1530 1273 19
1550 1228 1775 1274 ‘hactenus

208 1319 295 1359 pro
317 1304 522 1354 libertate,
546 1318 643 1344 mox
663 1304 715 1344 de
720 1303 890 1359 finibus
910 1326 966 1335 —
976 1308 1219 1359 puqnatum
1246 1297 1348 1352 esst·
1382 1317 1412 1358 Ρ
1437 1308 1504 1353 17,
1530 1307 1553 1343 5
1587 1298 1692 1357 ‘pro'
1712 1317 1776 1344 so-

219 1375 295 1417 ciis
315 1376 537 1417 Romanus
559 1369 804 1417 interuenit’
822 1381 865 1416 et
881 1389 910 1429 Ρ
932 1378 1002 1424 20,
1027 1379 1051 1415 4
1068 1370 1164 1429 ‘pro
1179 1373 1304 1415 sociis
1322 1373 1541 1416 Samnitas
1564 1369 1775 1422 inuadit';

218 1461 247 1501 p
269 1451 339 1496 25,
364 1450 413 1487 21
434 1441 565 1487 ‘ultro
576 1445 781 1500 persequi
798 1445 929 1486 socios
956 1445 1138 1487 hostium
1156 1439 1363 1500 placuit',
1390 1443 1554 1486 scilicet
1580 1457 1659 1497 pro
1685 1443 1775 1497 glo-

218 1517 282 1558 ria
300 1523 344 1557 et
363 1515 557 1571 imperio.
592 1515 789 1557 similiter
807 1516 854 1556 in
875 1516 1156 1558 seditionibus
1172 1514 1418 1558 enarrandis
1435 1521 1600 1555 certum
1619 1514 1776 1554 fixum-

218 1601 302 1642 que
331 1586 524 1628 ordinem
551 1593 669 1628 tenet
703 1593 746 1627 et
775 1587 924 1628 lectori
952 1587 1168 1637 inculcat,
1199 1601 1229 1641 p
1252 1589 1323 1636 26,
1352 1589 1400 1627 12
1431 1600 1523 1639 sqq.
1575 1584 1638 1625 ita
1663 1583 1778 1626 bello

220 1657 387 1699 Punico
406 1658 544 1712 primo
564 1659 689 1700 finito
707 1673 737 1713 Ρ
761 1662 829 1708 33,
853 1662 878 1698 9
910 1657 1092 1712 Ligures
1113 1657 1262 1699 Gallos
1284 1656 1456 1712 Illyrios
1483 1655 1674 1711 primum
1702 1669 1777 1697 no-

216 1728 380 1778 minat,
404 1735 455 1770 ut
482 1743 511 1784 p
540 1734 619 1781 41,
656 1733 707 1771 30
739 1728 1038 1770 Macedoniam
1067 1727 1295 1770 Graeciam
1324 1726 1508 1782 Syriam,
1542 1726 1697 1768 deinde
1725 1727 1778 1768 de

219 1798 402 1853 singulis
414 1801 571 1842 ‚eodem
591 1799 740 1841 ordine
759 1800 900 1842 refert.
932 1806 1081 1854 postea
1096 1814 1204 1853 quae
1218 1805 1363 1839 narrat
1379 1797 1441 1838 ita
1456 1797 1564 1838 solet
1584 1797 1779 1839 ordinare

218 1876 269 1910 ut
289 1869 396 1910 caeli
416 1870 610 1925 regiones
630 1878 849 1925 sequatur,
871 1870 934 1912 ita
954 1877 1100 1912 tamen
1128 1876 1179 1910 ut
1199 1883 1366 1924 semper
1394 1868 1596 1910 lectorem
1626 1869 1678 1909 de
1698 1868 1778 1909 hoc

218 1940 366 1983 ordine
393 1948 589 1990 moneat3
623 1941 671 1982 cf
693 1955 723 1996 p
757 1944 826 1991 56,
851 1944 927 1991 263
964 1945 1033 1990 57,
1062 1944 1137 1990 193
1173 1943 1242 1990 59,
1270 1943 1343 1988 163
1379 1942 1449 1989 63,
1473 1942 1544 1979 22.
1575 1954 1605 1994 Ρ
1629 1942 1698 1989 66,
1723 1943 1775 1988 2;

220 2014 298 2061 24,
334 2015 413 2061 67,
450 2017 486 2053 1.
530 2026 559 2066 Ρ
597 2016 700 2061 115,
733 2014 783 2061 2;
822 2014 923 2061 120,
949 2015 1000 2060 2;
1026 2014 1081 2061 9;
1120 2015 1214 2061 121,
1240 2014 1280 2052 2.
1333 2016 1506 2065 possent
1525 2009 1630 2050 haec
1651 2009 1778 2064 longe

218 2082 457 2124 accuratius
478 2088 606 2136 atque
626 2081 894 2123 enucleatius
910 2081 1083 2137 exponi,
1107 2081 1144 2123 si
1165 2096 1271 2137 opus
1292 2088 1424 2130 esset3
1458 2081 1531 2122 uel
1551 2080 1612 2121 sic
1631 2080 1778 2135 paullo

219 2153 491 2195 attentiorem
510 2153 655 2208 fugere
676 2167 764 2194 non
792 2159 956 2208 potest,
989 2153 1196 2194 librorum
1224 2159 1267 2193 et
1297 2151 1487 2206 capitum
1515 2150 1779 2192 distributio-

217 2238 333 2274 nem,
356 2224 495 2279 qualis
515 2223 563 2264 in
582 2223 798 2265 codicibus
820 2223 977 2264 tradita
997 2223 1077 2273 sit,
1106 2237 1195 2264 non
1224 2221 1401 2276 adsequi
1422 2221 1580 2262 subtile
1600 2236 1781 2263 acumen

218 2308 303 2348 quo
333 2294 485 2335 Florus
513 2308 620 2348 opus
648 2308 776 2334 suum
813 2292 1016 2350 formauit
1052 2293 1231 2347 ideoque
1261 2293 1314 2333 ab
1345 2306 1394 2333 eo
1422 2291 1657 2346 profectam
1687 2307 1779 2335 esse

216 2363 339 2404 nullo
373 2365 500 2405 modo
534 2377 671 2418 posse.
723 2363 920 2418 equidem
954 2364 1120 2405 nullam
1149 2377 1323 2404 causam
1343 2362 1496 2413 uideo,
1526 2377 1603 2404 cur
1630 2365 1780 2406 Florus

214 2433 374 2475 librum
408 2440 499 2475 tam
525 2434 650 2489 parui
670 2434 903 2476 uoluminis
924 2434 971 2475 in
990 2435 1134 2489 plures
1155 2441 1297 2489 partes
1329 2433 1530 2476 diuisisse
1557 2436 1778 2490 putandus

217 2505 274 2547 sit
287 2537 299 2555 ‚
321 2505 465 2560 potius
485 2505 720 2547 uerisimile
739 2505 848 2547 mihi
867 2505 1041 2547 uidetur
1069 2504 1229 2547 librum
1256 2504 1519 2560 singularem
1549 2505 1602 2546 ab
1632 2520 1682 2547 eo
1701 2521 1780 2562 pu-

215 2576 424 2618 blicatum
453 2575 609 2617 fuisse:
642 2590 726 2630 quo
757 2576 902 2627 titulo,
933 2575 1165 2618 nescimus.
1211 2582 1399 2618 ceterum
1427 2576 1542 2631 quod
1572 2583 1698 2618 antea
1728 2591 1782 2618 ex

218 2647 414 2689 codicum
434 2646 579 2687 indole
600 2646 791 2688 adsecuti
812 2661 976 2697 sumus,
1001 2660 1056 2687 ex
1073 2646 1204 2702 longo
1219 2645 1320 2688 inde
1336 2653 1525 2701 tempore
1545 2647 1782 2689 multorum

218 2731 372 2759 manus
392 2731 568 2772 passum
589 2731 680 2758 esse
707 2717 826 2758 hunc
846 2716 962 2759 Flori
982 2716 1167 2768 librum,
1200 2716 1247 2759 id
1266 2717 1398 2759 etiam
1415 2717 1485 2759 his
1505 2719 1783 2759 confirmatur

219 2801 327 2842 quae
347 2788 400 2828 de
420 2787 771 2842 inscriptionibus
793 2794 836 2829 et
856 2787 1142 2829 diuisionibus
1162 2789 1290 2830 modo
1311 2787 1530 2843 disputata
1556 2795 1673 2828 sunt.

333 2858 428 2899 Iam
448 2873 551 2900 uero
569 2858 645 2899 ubi
667 2873 716 2900 eo
736 2864 994 2914 peruentum
1014 2864 1079 2900 est
1098 2865 1148 2900 ut
1168 2859 1220 2900 de
1240 2858 1334 2914 ipso
1354 2859 1481 2900 Floro
1502 2871 1777 2911 quaeramus,

220 2927 337 2968 hunc
357 2941 524 2984 quoque
544 2929 739 2971 codicum
751 2928 957 2971 dissensu
977 2929 1101 2984 quasi
1121 2929 1337 2984 duplicem
1356 2926 1450 2969 fieri
1482 2926 1695 2969 uidemus.
1738 2931 1788 2969 N

220 3004 263 3038 et
284 3009 311 3049 ς
331 2997 579 3052 scriptorem
598 2999 699 3041 libri
718 3006 877 3042 uocant
897 3000 949 3041 L.
974 3001 1204 3042 Annaeum
1225 2999 1414 3040 Florum.
1469 2998 1547 3039 sed
1578 2997 1673 3052 quis
1703 2997 1785 3039 iste
