2002 3320
547 216 746 246 nrm-oua
765 215 819 252 11,
840 208 988 242 21—23
1013 199 1123 256 [1111‚
1150 207 1205 240 11.
1233 199 1309 255 12].
1626 199 1707 239 115

173 319 362 363 tumidae
393 316 591 374 gentium
623 315 882 370 inflataeque
917 311 1104 355 ceruices
1139 313 1193 355 ab
1223 311 1410 368 inposito
1436 325 1575 366 nuper
1604 310 1707 366 iugo

172 389 431 432 resiliebant.
477 387 533 429 ad
566 385 902 441 septentrionem
935 398 1143 426 conuersa
1185 383 1316 425 ferme
1355 382 1486 438 plaga
1525 381 1707 423 ferocius

172 460 346 516 agebat,
390 456 541 500 Norici
571 455 712 511 Illyrii
740 454 959 498 Pannonii
991 454 1219 496 Delmatae
1245 453 1410 504 Moesi,
1442 452 1630 495 Thraces
1665 459 1709 494 et

171 529 295 580 Daci,
317 529 538 571 Sarmatae
557 534 685 582 atque
706 525 929 570 Germani.

120 708 140 740 5
562 696 723 739 XXII.
755 694 1003 738 BELLVM
1023 692 1325 736 NORICVM.

116 835 151 877 I
168 834 339 877 Noricis
361 833 526 875 animos
546 832 679 886 Alpes
701 831 886 880 dabant,
918 825 1068 884 ”quasi
1093 828 1139 869 in
1168 843 1295 884 rupes
1325 836 1368 870 et
1396 828 1518 870 niues
1547 828 1710 870 bellum

168 920 258 946 non
287 910 430 960 posset
451 904 677 944 ascendere
689 918 701 951 ;
733 901 808 943 sed
829 914 976 942 omnes
995 899 1114 941 illius
1134 898 1320 940 cardinis
1339 899 1520 954 populos
1533 931 1546 949 ‚
1577 901 1710 940 Breu-

169 990 249 1017 nos
277 976 447 1017 Cennos
478 980 605 1028 atque
631 971 904 1021 Vindelicos,
940 985 1016 1026 per
1044 969 1294 1025 priuignum
1324 984 1452 1011 suum
1480 969 1712 1012 Claudium

169 1047 362 1088 Drusum
381 1043 567 1100 pacauit.
601 1057 710 1098 quae
739 1041 869 1083 fuerit
886 1040 1147 1095 Alpinarum
1171 1039 1370 1094 gentium
1389 1040 1557 1091 feritas,
1587 1040 1712 1083 facile

102 1124 144 1156 10
172 1123 237 1157 est
256 1115 329 1156 uel
348 1129 425 1169 per
444 1113 646 1155 mulieres
668 1112 913 1161 ostendere,
943 1123 1052 1164 quae
1079 1110 1376 1152 deficientibus
1407 1110 1503 1153 telis
1524 1111 1711 1153 ini'antes

103 1185 268 1242 [I]suos
289 1184 482 1227 adflictos
502 1183 627 1226 humi
645 1182 694 1224 in
713 1196 788 1224 ora
805 1180 997 1222 militum
1016 1181 1196 1222 aduersa
1215 1178 1467 1223 miserunt.u

512 1351 700 1394 XXIII.
733 1350 981 1393 BELLVM
1003 1350 1363 1393 ILLYRICVM.

172 1487 312 1543 Illyrii
333 1501 501 1542 quoque
522 1486 602 1528 sub
622 1485 807 1541 Alpibus
827 1490 962 1539 agunt
981 1483 1172 1540 imasque
1192 1485 1329 1526 ualles
1350 1499 1497 1527 earum
1517 1493 1560 1528 et
1584 1501 1712 1541 quae-

171 1560 271 1600 dam
292 1558 414 1613 quasi
434 1557 620 1598 claustra
639 1555 891 1597 custodiunt
913 1555 1103 1610 abruptis
1126 1555 1384 1597 torrentibus
1413 1556 1633 1612 inplicata.
1666 1557 1714 1598 in

102 1637 144 1670 15
171 1629 250 1670 hos
271 1627 588 1683 expeditionem
607 1626 699 1680 ipse
720 1625 903 1680 sumpsit
923 1625 1099 1680 fierique
1119 1633 1271 1680 pontes
1293 1626 1536 1681 imperauit.
1578 1627 1650 1669 hic
1671 1635 1713 1669 et

171 1698 293 1754 aquis
314 1706 357 1739 et
377 1698 499 1739 hoste
521 1696 791 1738 turbantibus
812 1696 1035 1738 cunctanti
1055 1697 1110 1738 ad
1139 1701 1363 1738 ascensum
1391 1697 1521 1739 militi
1541 1705 1713 1740 scutum

119 1770 153 1810 I
174 1770 227 1810 de
255 1783 389 1809 manu
416 1764 588 1821 ”rapuit
615 1773 658 1807 et
687 1765 806 1807 uiam
834 1766 998 1821 primus
1033 1766 1250 1822 ingressus
1286 1774 1365 1808 est.
1413 1777 1507 1809 tum
1542 1768 1713 1822 agmine

170 1846 317 1881 secuto
337 1853 436 1881 cum
455 1838 658 1879 subrutus
686 1836 964 1878 multitudine
991 1851 1100 1891 pons
1128 1837 1404 1888 succidisset,
1435 1837 1604 1880 saucius
1625 1853 1714 1882 ma·

172 1909 301 1951 nibus
323 1916 366 1950 et
386 1907 596 1957 cruribus,
620 1906 849 1961 speciosior
868 1906 1079 1964 sanguine
1099 1914 1143 1949 et
1161 1906 1255 1963 ipso
1282 1907 1472 1963 periculo
1492 1909 1715 1963 augustior

100 1987 144 2020 20
173 1987 292 2035 terga
310 1978 502 2021 hostium
519 1976 764 2032 percecidit.

172 2208 192 2240 :3
208 2205 341 2240 noricis
356 2203 416 2250 Nn
432 2203 515 2238 misi
530 2211 567 2246 Β,
598 2203 710 2250 mysia
732 2211 766 2238 N
780 2202 793 2248 fl
811 2204 832 2236 4
853 2205 1025 2236 sax-maten
1046 2208 1080 2236 N
1093 2201 1107 2247 ss
1125 2203 1145 2235 5
1168 2210 1323 2237 BELLVM
1348 2212 1524 2240 nomcvu
1541 2217 1597 2240 om
1612 2207 1673 2253 Νῃ
1690 2209 1713 2242 6

172 2260 307 2294 dabant
322 2260 421 2306 alpes
437 2260 514 2305 ΙΝΙΙ
531 2259 630 2305 alpes
646 2259 736 2294 etin
752 2258 856 2293 niues
871 2264 906 2292 N
919 2257 931 2303 ss
950 2260 968 2291 7
987 2268 1072 2292 mox
1095 2257 1212 2292 omnis
1234 2265 1255 2291 Ι
1270 2258 1281 2303 H
1299 2259 1462 2295 cardines
1477 2262 1537 2308 Nfl
1554 2262 1712 2300 brennus

169 2325 215 2352 Bt
230 2317 241 2362 ΙΙ
260 2318 280 2350 8
308 2315 489 2351 teutonios
506 2326 638 2350 cennos
654 2323 676 2348 Ι
690 2314 701 2360 ΙΙ
719 2325 871 2348 scennos
895 2321 929 2347 N
943 2313 954 2359 ss
972 2312 1172 2348 uendilicos
1197 2322 1217 2348 Ι
1231 2313 1243 2360 ΙΙ
1261 2326 1324 2360 per
1349 2317 1503 2352 eundem
1529 2319 1711 2355 claudium

172 2383 349 2407 caesarem
373 2382 543 2406 romanus
568 2371 658 2406 uicit
681 2370 861 2406 exercitus
885 2377 906 2404 I
920 2369 932 2415 ss
950 2371 971 2403 9
995 2369 1203 2414 perpacauit
1226 2379 1260 2405 N
1273 2371 1285 2417 Η
1303 2384 1395 2418 quae
1418 2378 1538 2409 tamen
1561 2384 1582 2409 Ι
1604 2376 1614 2421 ΙΙ
1641 2376 1712 2412 fuit

169 2428 370 2462 albidarum
386 2435 419 2460 N
433 2427 444 2472 ss
467 2429 506 2461 10
524 2431 579 2461 est
595 2439 651 2461 om
666 2435 700 2461 Ν
713 2426 725 2472 u
742 2438 806 2472 per
821 2437 877 2460 om
892 2433 925 2459 N
940 2425 951 2471 ΙΙ
969 2425 1124 2460 infantes
1141 2426 1306 2475 ipsosNfl
1329 2431 1362 2462 ll
1376 2429 1477 2465 humi
1493 2439 1532 2466 1:
1551 2431 1711 2467 humano

170 2492 212 2526 N,
231 2491 327 2518 omn
344 2483 356 2529 ss
376 2485 417 2517 12
435 2492 587 2518 sermm
604 2491 819 2518 ammom
837 2494 892 2516 om
916 2482 976 2528 ΝΠ
997 2484 1037 2516 13
1060 2482 1159 2517 illirii
1181 2483 1297 2530 31114
1322 2485 1484 2532 inplicati
1506 2488 1564 2534 ΝΗ
1586 2491 1626 2523 15
1651 2490 1710 2525 hic

172 2552 210 2574 se
230 2543 268 2574 et
281 2547 315 2574 N
329 2540 341 2585 ss
363 2542 401 2574 17
420 2543 457 2573 et
473 2539 509 2573 in
528 2538 588 2573 uia
602 2538 739 2584 primus
755 2544 843 2574 tunc
858 2546 892 2573 Ν
906 2538 918 2584 [Ι
938 2540 979 2573 18
1005 2538 1166 2574 lubricus
1181 2540 1416 2577 multitudine
1432 2545 1513 2590 puti
1530 2547 1709 2582 succedis-

172 2601 228 2631 set
247 2604 282 2631 N
293 2595 306 2642 η
324 2596 521 2641 subruptus
542 2595 590 2641 ΙΙΙ
607 2595 750 2630 saucius
768 2608 812 2636 ς.·
837 2595 966 2630 sauciis
982 2603 1020 2636 B,
1039 2595 1156 2630 sancis
1171 2604 1203 2630 N
1218 2597 1230 2643 [Ι
1251 2599 1292 2632 19
1309 2610 1349 2633 ac
1373 2600 1537 2636 cruribus
1552 2610 1586 2637 N
1600 2603 1612 2647 Η
1630 2614 1710 2651 spe-

173 2652 247 2687 cior
262 2661 299 2694 B,
325 2651 540 2698 speciosiore
557 2659 589 2686 N
603 2651 615 2698 ΙΙ
632 2651 771 2686 auctior
785 2659 831 2687 Bt
845 2651 859 2699 [ι
875 2654 919 2686 20
937 2651 1066 2686 cecidit
1082 2659 1101 2686 Ι
1116 2652 1128 2697 ΙΙ
