2002 3320
615 245 812 274 ammona
834 245 867 281 1,
890 239 948 272 31.
974 239 1018 271 32
1041 231 1112 287 [11,
1138 239 1194 271 15.
1222 231 1300 287 16].
1687 233 1734 271 51

204 347 256 387 de
276 345 426 387 ceteris
447 351 626 394 taceam,
649 345 702 385 de
722 343 836 399 ignis
855 358 977 386 mora
994 342 1165 398 probari
1179 349 1335 398 potest.
1369 341 1527 397 quippe
1546 356 1622 396 per
1642 357 1740 383 con-

204 415 347 457 tinuos
381 415 527 456 decem
560 420 604 454 et
638 421 803 468 septem
832 413 923 454 dies
963 413 1040 454 uix
1076 413 1220 468 potuit
1258 412 1507 454 incendium
1542 411 1740 466 extingui

203 486 317 541 quod
335 483 532 526 domibus
544 497 592 525 ac
613 483 784 538 templis
805 483 893 525 suis
915 491 1067 537 sponte
1086 484 1230 525 hostes
1250 482 1503 524 inmiserant
1513 499 1525 532 ;
1550 489 1615 532 ut,
1639 497 1741 536 qua·

203 563 328 596 tenus
348 554 449 595 urbs
471 552 578 608 eripi
598 552 807 595 Romanis
826 567 914 594 non
935 560 1117 607 poterat,
1141 552 1386 607 triumphus
1409 553 1587 594 arderet.

127 726 130 728 v
159 723 179 755 5
400 702 407 709 '
543 714 751 756 XXXII.
785 714 1031 757 BELLVM
1051 713 1392 756 ACHAICVM.

202 849 338 894 Quasi
376 850 595 892 saeculum
632 849 742 890 illud
779 850 1072 891 euersionibus
1106 850 1280 892 urbium
1314 857 1514 898 curreret,
1558 849 1737 891 Cartha·
1756 859 1806 896 11,
1830 848 1881 885 16

201 919 315 974 ginis
335 920 507 962 ruinam
526 919 672 962 statim
692 919 921 961 Corinthos
943 919 1126 974 excepit,
1150 919 1339 961 Achaiae
1360 927 1512 973 caput,
1535 919 1741 961 Graeciae

202 991 358 1040 decus,
394 988 508 1029 inter
527 989 613 1030 duo
632 988 792 1039 maria,
825 989 1000 1031 Ionium
1019 997 1062 1031 et
1081 991 1325 1044 Aegaeum,
1356 990 1478 1044 quasi
1498 990 1741 1044 spectaculo

203 1059 410 1114 exposita.
443 1059 549 1100 haec
571 1082 623 1089 —
647 1058 814 1100 facinus
834 1058 1064 1113 indignum
1083 1084 1137 1090 -
1159 1066 1260 1101 ante
1289 1073 1488 1113 oppressa
1517 1066 1582 1100 est
1611 1073 1741 1114 quam

135 1137 177 1169 10
203 1129 251 1170 in
270 1143 450 1170 numero
478 1135 691 1170 certorum
717 1128 908 1170 hostium
933 1129 1172 1171 referretur.
1217 1129 1432 1172 Critolaus
1461 1144 1591 1170 causa
1616 1129 1738 1179 belli,

202 1198 278 1253 qui
295 1198 492 1240 libertate
511 1212 538 1238 a
556 1198 764 1240 Romanis
785 1199 886 1240 data
905 1199 1110 1240 aduersus
1130 1198 1245 1254 ipsos
1274 1214 1379 1241 usus
1409 1207 1475 1241 est
1495 1200 1741 1254 legatosque

204 1270 422 1311 Romanos
435 1300 449 1318 ,
471 1267 654 1311 dubium
672 1283 729 1314 an
748 1274 792 1309 et
811 1282 945 1310 manu
955 1300 970 1319 ‚
1001 1276 1115 1311 certe
1135 1269 1326 1312 oratione
1356 1269 1555 1312 uiolauit.
1608 1268 1742 1323 igitur

202 1339 380 1381 Metello
400 1338 617 1380 ordinanti
637 1353 736 1380 cum
754 1338 941 1380 maxime
962 1339 1262 1381 Macedoniam
1279 1341 1484 1381 mandata
1513 1346 1578 1380 est
1605 1339 1737 1388 ulti03

203 1416 247 1450 et
265 1409 368 1450 hinc
387 1408 629 1467 Achaicum
647 1407 824 1450 bellum.
857 1423 906 1450 ac
925 1408 1114 1463 primum
1134 1409 1315 1451 Critolai
1334 1424 1515 1452 manum
1535 1410 1739 1451 Metellus

135 1487 175 1519 15
204 1479 355 1520 consul
386 1493 462 1532 per
479 1478 668 1532 patentis
695 1478 833 1520 Elidis
861 1492 1032 1533 campos
1061 1486 1152 1520 toto
1178 1479 1332 1522 cecidit
1362 1479 1537 1534 Alphio.
1581 1486 1624 1520 et
1652 1493 1741 1520 uno

203 1548 363 1603 proelio
382 1555 603 1602 peractum
622 1554 712 1590 erat
730 1548 919 1599 bellum,
948 1548 1036 1591 iam
1065 1549 1182 1592 enim
1210 1551 1361 1591 urbem
1389 1550 1526 1604 ipsam
1557 1550 1741 1590 terrebat

205 1618 369 1660 obsidio
381 1635 393 1668 ;
433 1619 508 1659 sed
536 1642 593 1648 —
622 1618 711 1659 fata
741 1633 884 1659 rerum
914 1643 972 1649 --
1000 1633 1100 1660 cum
1139 1620 1342 1662 Metellus
1378 1620 1644 1669 dimicasset,
1687 1620 1742 1660 ad

205 1688 431 1730 uictoriam
470 1688 710 1730 Mummius
750 1688 887 1730 uenit.
938 1688 1009 1730 hic
1049 1689 1224 1731 alterius
1254 1689 1376 1732 ducis
1416 1689 1543 1732 Diaei
1582 1689 1740 1730 exerci-

206 1766 301 1800 tum
320 1759 400 1800 sub
419 1757 523 1812 ipsis
543 1757 703 1800 Isthmi
721 1758 917 1800 faucibus
937 1758 1051 1801 fudit
1064 1759 1344 1814 geminosque
1364 1766 1512 1814 portus
1533 1759 1742 1813 sanguine

135 1836 179 1869 20
206 1828 369 1870 infecit.
402 1835 498 1870 tum
517 1829 570 1870 ab
590 1827 742 1870 incolis
772 1829 939 1871 deserta
967 1828 1120 1872 ciuitas
1149 1829 1316 1884 direpta
1343 1829 1556 1884 primum,
1589 1829 1743 1871 deinde

206 1899 311 1940 tuba
343 1898 615 1952 praecinente
658 1898 799 1943 deleta
840 1905 919 1939 est.
976 1898 1080 1953 quid
1114 1899 1359 1954 signorum,
1398 1899 1500 1955 quid
1536 1899 1741 1949 uestium,

206 1968 365 2023 quidue
399 1968 644 2010 tabularum
672 1974 844 2022 raptum
872 1968 1182 2024 incensumque
1216 1971 1354 2025 adque
1383 1970 1622 2024 proiectum
1650 1970 1737 2011 est!

206 2045 388 2093 quantas
408 2052 508 2093 opes
533 2044 577 2079 et
597 2037 821 2079 abstulerit
850 2045 893 2080 et
922 2040 1174 2083 cremauerit
1203 2040 1305 2081 hinc
1336 2039 1444 2082 scias
1476 2041 1591 2094 quod
1620 2040 1741 2095 quid-

204 2108 309 2164 quid
319 2107 534 2152 Corinthii
554 2107 660 2150 aeris
681 2114 772 2149 toto
791 2108 890 2149 orbe
909 2108 1111 2151 laudatur
1130 2109 1328 2152 incendio
1350 2110 1608 2164 superfuisse
1629 2124 1741 2152 com-

136 2187 180 2219 25
206 2177 408 2233 perimus.
439 2191 543 2219 nam
572 2184 615 2218 et
645 2177 752 2220 aeris
781 2184 931 2220 notam
958 2179 1251 2232 pretiosiorem
1280 2180 1375 2234 ipsa
1394 2179 1743 2234 opulentissimae

208 2247 325 2291 urbis
345 2247 446 2289 fecit
464 2247 612 2296 ruina;
649 2247 751 2302 quia
768 2248 967 2290 incendio
986 2249 1208 2303 permixtis
1224 2249 1419 2303 plurimis
1441 2249 1594 2291 statuis
1616 2256 1743 2303 atque

210 2316 445 2358 simulacris
467 2316 574 2358 aeris
595 2317 688 2359 auri
708 2318 958 2373 argentique
978 2333 1116 2360 uenae
1136 2318 1182 2360 in
1202 2333 1428 2360 commune
1447 2319 1682 2361 fluxerunt.

214 2532 227 2564 1
251 2529 310 2564 uel
326 2530 466 2576 ignium
482 2542 581 2566 mora
596 2539 627 2565 N
643 2533 655 2578 ss
672 2538 756 2578 pote
773 2539 828 2569 est
842 2543 868 2569 Β
885 2534 897 2581 ΙΙ
916 2538 935 2569 3
960 2539 1071 2580 ponte
1086 2542 1117 2568 N
1140 2534 1151 2580 ΙΙ
1170 2536 1190 2568 5
1201 2543 1353 2569 BELLVM
1370 2543 1566 2570 ACKAICVM
1581 2544 1615 2570 N
1629 2536 1640 2581 ΙΙ
1660 2538 1680 2570 6
1697 2536 1747 2570 ita

210 2586 474 2633 carthaginisN
488 2587 499 2633 ss
518 2590 536 2621 7
564 2587 750 2624 corinthus
775 2590 910 2636 excipit
923 2599 950 2624 Β
966 2591 979 2636 [Ι
999 2593 1040 2625 10
1062 2601 1252 2625 numerum
1267 2598 1301 2624 N
1315 2590 1326 2636 ss
1348 2593 1385 2626 11
1412 2603 1434 2625 a
1449 2603 1506 2626 om
1520 2600 1546 2626 Β
1563 2592 1576 2638 ΙΙ
1593 2593 1678 2627 data
1693 2605 1748 2626 om

211 2643 270 2688 ΝΗ
290 2645 331 2678 12
347 2655 431 2678 man
448 2648 485 2678 et
499 2652 525 2678 B
541 2644 553 2690 u
576 2646 616 2678 13
642 2644 806 2680 ordinato
832 2654 866 2680 Ν
879 2646 891 2692 ΙΙ
916 2646 1092 2681 maximae
1114 2654 1140 2682 B
1157 2646 1169 2691 ΙΙ
1185 2646 1432 2682 macedoniam
1449 2660 1493 2689 ς.·
1519 2649 1748 2683 macedoniae

211 2699 295 2744 ΒΝΙΙ
312 2699 405 2735 ultio
420 2711 477 2734 om
502 2708 528 2734 Β
544 2702 556 2746 ΙΙ
577 2703 617 2734 1-1
644 2700 796 2746 primam
817 2702 876 2747 Nu
894 2702 1040 2737 metello
1066 2702 1213 2738 consule
1236 2703 1291 2749 ΒΗ
1312 2706 1353 2738 15
1378 2704 1471 2739 alfeo
1487 2711 1520 2737 N
1535 2704 1546 2749 Η
1569 2706 1608 2738 16
1626 2704 1696 2738 inm
1713 2709 1748 2738 et

213 2754 338 2790 urbem
352 2763 387 2790 N
399 2756 411 2802 ΙΙ
433 2759 473 2792 18
491 2756 633 2792 inuenit
656 2765 682 2791 B
699 2757 711 2803 ΙΙ
727 2756 834 2792 Diaei
857 2757 1030 2803 Pnylaius:
1065 2759 1164 2795 dinei
1185 2767 1228 2802 Β,
1264 2760 1442 2806 dignitate
1465 2768 1498 2794 N
1513 2760 1524 2804 Η
1542 2762 1586 2793 20
1604 2759 1750 2804 derepta

212 2818 238 2844 Β
255 2810 267 2856 Η
284 2813 325 2845 21
344 2812 433 2848 tuba
459 2826 506 2855 ς.·
530 2813 638 2848 turba
661 2821 720 2848 ΒΝ
742 2813 754 2859 ΙΙ
779 2813 1033 2860 praecingenoe
1057 2824 1083 2850 Β
1107 2816 1119 2862 ΙΙ
1146 2818 1188 2851 22
1205 2815 1339 2861 quidne
1355 2824 1380 2850 Β
1398 2817 1409 2860 ll
1428 2816 1613 2850 incensum
1640 2820 1748 2860 atque

213 2873 247 2899 N
261 2866 333 2911 {124
351 2868 505 2904 corinthi
520 2877 546 2903 Β
570 2869 582 2915 ss
610 2871 652 2904 25
679 2874 820 2906 tontum
841 2878 881 2921 Nv
898 2870 911 2916 ΙΙ
935 2873 978 2907 26
1002 2872 1108 2907 ruina
1140 2871 1349 2917 Hauptius:
1391 2870 1565 2917 syiniuria
1579 2878 1623 2912 Β,
1659 2870 1751 2904 iniu-

215 2933 268 2955 ria
283 2930 315 2956 N
338 2925 340 2930 ⁷

330 2924 340 2966 n
1429 2993 1432 2997 .
1470 2984 1523 3024 4*
