2002 3320
281 281 334 319 70
932 294 1026 323 1v1.1
1046 294 1175 324 FLom

280 391 387 432 alter
406 403 570 444 quoque
590 391 833 433 Balearicus
852 399 1088 434 uocaretur.
1121 393 1319 435 Baleares
1337 406 1412 447 per
1429 393 1476 434 id
1494 400 1663 448 tempus
1683 394 1799 435 insu·
1843 405 1846 409 ’
1912 418 1914 421 >

279 461 345 501 lae
366 459 544 514 piratica
562 460 678 500 rabie
697 461 831 502 maria
850 469 1135 516 corruperant.
1172 461 1365 504 homines
1384 462 1492 504 feros
1513 470 1640 518 atque
1655 463 1802 505 silues-

279 537 363 570 tres
383 529 545 570 mireris
566 543 688 571 ausos
710 544 735 570 a
755 530 936 584 scopulis
956 530 1043 572 suis
1064 531 1214 572 saltem
1228 531 1362 572 maria
1375 531 1623 587 prospicere.
1656 547 1799 574 ascen-

278 600 374 639 dere
396 599 525 640 etiam
544 599 783 641 inconditas
803 607 914 642 rates
942 606 985 641 et
1011 601 1429 655 praeternauigantes
1459 602 1636 643 subinde
1664 602 1800 657 inopi-

277 674 379 708 nato
414 668 576 722 impetu
603 675 799 710 terruere.
848 677 912 711 set
947 684 1045 710 cum
1078 670 1323 711 uenientem
1356 671 1409 711 ab
1440 671 1525 712 alto
1559 673 1801 713 Romanam
1831 680 1851 712 5

278 738 455 779 classem
474 739 809 792 prospexissent,
831 740 1031 793 praedam
1050 747 1250 794 putantes
1262 772 1275 789 ,
1309 739 1400 780 ausi
1421 740 1550 781 etiam
1569 755 1797 791 occurrere,

278 814 320 847 et
354 807 490 860 primo
525 807 689 861 impetu
722 807 888 862 ingenti
922 808 1114 863 lapidum
1143 822 1421 863 saxorumque
1449 809 1595 851 nimbo
1624 810 1800 852 classem

277 883 546 930 operuerunt.
588 876 722 918 tribus
743 877 919 932 quisque
939 879 1082 920 fundis
1109 878 1383 932 proeliantur.
1427 885 1561 920 certos
1590 893 1678 920 esse
1705 879 1800 933 quis

275 946 452 987 miretur
471 946 596 996 ictus,
619 961 717 987 cum
736 947 840 988 haec
861 948 950 989 sola
969 948 1090 1002 genti
1110 962 1226 989 arma
1245 948 1346 997 sint,
1370 948 1414 989 id
1434 963 1569 989 unum
1589 949 1642 989 ab
1662 948 1800 989 infan-

275 1015 336 1056 tia
356 1015 569 1057 studium?
599 1016 741 1057 cibum
759 1031 864 1071 puer
884 1032 909 1058 a
938 1024 1072 1059 matre
1099 1033 1187 1058 non
1217 1017 1395 1071 accipit,
1431 1017 1516 1059 nisi
1549 1032 1675 1072 quem
1708 1018 1801 1072 ipsa
1830 1026 1871 1058 10

273 1092 535 1126 monstrante
550 1087 814 1140 percusserit.
835 1089 907 1128 sed
922 1101 1010 1128 non
1027 1087 1100 1128 diu
1108 1086 1366 1141 lapidatione
1376 1088 1591 1129 Romanos
1601 1095 1797 1129 terruere.

273 1169 375 1195 nam
394 1162 620 1209 postquam
639 1156 874 1197 comminus
895 1163 1074 1197 uentum
1094 1164 1181 1206 est,
1213 1156 1457 1210 expertique
1488 1165 1623 1197 rostra
1651 1164 1693 1198 et
1712 1157 1800 1211 pila

273 1224 515 1274 uenientia,
546 1227 758 1279 pecudum
785 1225 832 1265 in
858 1240 1018 1267 morem
1046 1226 1226 1267 clamore
1246 1226 1412 1267 sublato
1432 1226 1676 1279 petiuerunt
1695 1227 1798 1281 fuga

268 1295 421 1344 litora,
459 1294 693 1349 dilapsique
728 1295 774 1335 in
807 1295 1020 1349 proximos
1056 1296 1242 1337 tumulos
1277 1295 1507 1349 quaerendi
1543 1296 1716 1337 fuerunt
1749 1303 1799 1337 ut

273 1364 559 1405 uincerentur.
1828 1373 1869 1405 15

578 1511 753 1551 XLIII.
791 1510 1127 1552 EXPEDITIO
1148 1510 1216 1551 IN
1238 1511 1500 1553 CYPRON.

272 1724 458 1765 insulam
477 1724 691 1765 ueteribus
712 1724 874 1765 diuitiis
896 1725 1185 1765 abundantem
1204 1731 1247 1765 et
1275 1725 1328 1765 ob
1359 1725 1440 1766 hoc
1461 1725 1618 1767 Veneri
1638 1738 1798 1766 sacram

274 1794 544 1834 Ptolemaeus
564 1795 750 1847 regebat.
791 1795 862 1835 sed
884 1793 1131 1835 diuitiarum
1151 1801 1272 1835 tanta
1291 1801 1381 1835 erat
1399 1794 1536 1844 fama,
1567 1808 1646 1835 nec
1674 1794 1796 1844 falso,
1991 1811 1995 1847 ,t

271 1869 320 1904 ut
340 1863 477 1904 uictor
495 1863 689 1917 gentium
707 1864 890 1918 populus
911 1870 953 1903 et
973 1865 1128 1904 donare
1155 1877 1286 1917 regna
1314 1871 1540 1905 consuetus
1570 1865 1622 1905 P.
1647 1862 1797 1905 Clodio
1826 1871 1870 1903 20

271 1932 442 1973 tribuno
462 1932 598 1986 plebis
619 1934 725 1974 duce
746 1933 848 1974 socii
866 1933 1042 1986 uiuique
1062 1933 1171 1987 regis
1199 1933 1543 1975 confiscationem
1569 1934 1798 1974 mandaue-

272 2002 341 2043 rit.
372 2009 414 2042 et
434 2002 506 2043 ille
527 2002 698 2056 quidem
718 2004 772 2043 ad
790 2002 852 2043 rei
871 2003 1029 2043 famam
1047 2017 1214 2043 ueneno
1234 2003 1323 2043 fata
1348 2002 1577 2057 praecepit.
1612 2010 1798 2044 ceterum

273 2070 449 2112 Porcius
485 2072 592 2112 Cato
627 2071 803 2125 Cyprias
846 2086 946 2126 opes
980 2071 1159 2112 liburnis
1200 2086 1275 2125 per
1318 2072 1566 2112 Tiberinum
1609 2072 1798 2113 hostium

271 2140 453 2181 inuexit.
501 2155 607 2194 quae
642 2156 706 2182 res
740 2141 869 2182 latius
906 2140 1112 2182 aerarium
1145 2140 1293 2195 populi
1321 2141 1508 2181 Romani
1537 2155 1664 2194 quam
1683 2141 1797 2182 ullus

271 2210 512 2264 triumphus
532 2208 742 2263 impleuit.
1825 2216 1868 2249 25

131 1667 202 1703 111,
226 1654 251 1693 9
273 1655 432 1696 Aderat
466 1655 603 1696 fatum
636 1654 886 1696 insularum.
933 1654 1065 1709 igitur
1090 1662 1132 1695 et
1161 1655 1321 1709 Cypros
1350 1662 1518 1709 recepta
1545 1655 1636 1697 sine
1669 1655 1795 1696 bello.
1994 1693 2002 1952 1

620 2369 820 2410 XLIIII.
855 2369 1099 2410 BELLVM
1121 2369 1449 2410 GALLICVM.

117 2491 375 2542 111,10Asia
398 2490 576 2544 Pompei
596 2490 793 2531 manibus
823 2492 998 2532 subacta
1027 2491 1210 2545 reliqua,
1248 2505 1354 2544 quae
1388 2491 1605 2532 restabant
1636 2490 1682 2530 in
1711 2490 1797 2530 Eu-

270 2575 387 2614 ropa,
412 2561 600 2601 Fortuna
619 2560 664 2600 in
686 2561 909 2601 Caesarem
930 2561 1162 2602 transtulit.
1195 2561 1412 2601 restabant
1432 2567 1575 2602 autem
1593 2559 1796 2600 inmanis-

274 2740 287 2772 1
309 2737 403 2772 idem
419 2745 453 2771 N
466 2737 477 2782 ΙΙ
494 2739 515 2771 4
532 2737 829 2782 praenauigantes
845 2746 878 2772 N
892 2739 903 2783 ΙΙ
921 2724 1105 2782 inoBinato
1121 2746 1157 2781 B,
1177 2739 1298 2784 inopia
1313 2743 1398 2772 nato
1412 2746 1446 2773 N
1460 2738 1471 2783 fl
1490 2740 1509 2772 8
1526 2737 1720 2782 proeliatur
1734 2745 1767 2771 N
1782 2738 1793 2783 ΙΙ

274 2797 314 2828 10
334 2793 469 2839 accepit
484 2801 508 2827 Β
526 2793 538 2839 ll
559 2795 595 2827 11
616 2793 791 2838 percussit
808 2793 861 2826 bN
875 2794 885 2839 ΙΙ
903 2799 1061 2829 terruere
1077 2806 1242 2830 romanos
1258 2803 1292 2829 N
1305 2795 1316 2840 Η
1338 2797 1377 2828 12
1401 2803 1482 2828 nam
1505 2805 1560 2827 om
1583 2801 1616 2827 N
1631 2793 1642 2839 ss
1660 2793 1798 2838 experti

219 2840 221 2842 ‚
271 2850 470 2896 scripserim
488 2850 499 2895 ΙΙ
521 2851 559 2883 13
578 2849 729 2884 clamore
747 2848 798 2882 bis
813 2857 847 2883 N
860 2849 871 2894 ΙΙ
893 2852 932 2883 14
945 2849 1144 2895 dilapsique
1163 2851 1213 2884 bis
1226 2858 1261 2885 N
1274 2851 1285 2896 Η
1306 2853 1347 2884 16
1362 2857 1483 2884 XLIIII
1498 2857 1524 2883 B
1541 2849 1552 2894 Η
1571 2858 1723 2883 CYPRVM
1739 2857 1765 2883 B
1782 2847 1794 2894 ΙΙ

275 2908 315 2940 18
334 2906 456 2940 uenire
472 2914 498 2939 B
515 2906 526 2951 ΙΙ
547 2908 587 2941 19
605 2906 806 2952 ptolomeus
826 2913 852 2940 B
869 2905 880 2950 Η
909 2909 945 2939 et
961 2905 1167 2939 diuitiarum
1182 2914 1216 2940 N
1230 2906 1241 2951 ΙΙ
1260 2907 1298 2939 21
1319 2905 1433 2950 plebis
1449 2917 1503 2939 om
1520 2913 1552 2939 N
1567 2905 1578 2950 ΙΙ
1605 2907 1645 2939 23
1663 2904 1801 2950 portius

274 2962 552 3008 ΝΗ26ΧΙΝΒΗ
