2002 3320
261 247 341 289 122
898 263 992 291 1v1.1
1013 263 1143 293 From

257 360 354 410 bus,
378 360 455 402 hos
476 360 693 401 obsidibus
715 359 940 410 astrinxit,
962 361 1040 403 hos
1061 362 1140 403 sub
1162 376 1316 404 corona
1335 363 1426 405 iure
1446 364 1548 406 belli
1567 365 1786 405 uenunde-

258 429 335 471 dit.
370 429 501 484 digna
520 444 584 470 res
605 429 741 479 lauro,
766 429 896 483 digna
916 445 1042 471 curru
1062 432 1230 473 senatui
1249 433 1344 474 uisa
1373 441 1436 475 est
1447 451 1460 484 3
1493 436 1568 476 sed
1587 422 1681 475 iam
1694 441 1786 475 tan-

260 507 328 541 tus
349 506 438 541 erat
459 500 614 541 Caesar
633 506 683 541 ut
704 499 919 555 triumpho
941 500 1087 555 augeri
1114 509 1417 544 contemneret.
1449 505 1627 545 Astures
1648 519 1723 559 per
1742 504 1788 546 id

259 577 427 625 tempus
448 569 616 624 ingenti
636 570 804 625 agmine
826 586 851 611 a
870 571 1087 613 montibus
1108 571 1248 614 niueis
1269 573 1587 627 descenderant.
1619 589 1698 616 nec
1726 581 1787 616 te-

258 655 371 682 mere
389 648 584 695 sumptus
599 641 787 682 barbaris
807 641 1035 683 uidebatur
1051 648 1143 683 tum
1154 642 1339 697 impetus
1349 658 1361 692 ;
1382 644 1456 684 sed
1477 643 1624 697 positis
1641 644 1788 686 castris
1819 653 1839 685 5

260 712 374 766 apud
393 711 597 753 Asturam
615 711 776 753 flumen
798 710 1003 753 trifariam
1025 712 1164 754 diuiso
1186 713 1354 767 agmine
1382 713 1463 755 tria
1483 713 1612 755 simul
1630 715 1787 757 Roma-

258 796 414 823 norum
435 781 608 836 adgredi
622 789 775 836 parant
804 789 954 824 castra.
987 782 1220 838 fuissetque
1249 797 1402 837 anceps
1432 791 1475 825 et
1503 791 1727 826 cruentum
1747 792 1790 826 et

259 852 462 893 ultimum
481 859 632 894 mutua
652 853 771 894 clade
791 860 1006 894 certamen
1034 867 1133 894 cum
1160 859 1249 894 tarn
1278 853 1483 904 fortibus,
1512 860 1603 895 tam
1630 854 1788 904 subito,

259 930 348 963 tam
377 936 476 963 cum
505 922 682 964 consilio
702 923 1001 972 uenientibus,
1038 922 1123 964 nisi
1143 923 1386 977 Brigaecini
1420 924 1731 979 prodidissent,
1763 939 1789 966 a

259 992 413 1046 quibus
433 992 722 1047 praemonitus
744 993 932 1036 Carisius
953 1008 1052 1035 cum
1072 994 1260 1035 exercitu
1288 994 1477 1035 aduenit.
1508 1009 1584 1049 pro
1614 994 1794 1036 uictoria
1819 1002 1861 1035 10

258 1062 342 1103 fuit
372 1062 627 1117 oppressisse
657 1064 855 1114 consilia,
894 1062 954 1105 sic
982 1078 1147 1118 quoque
1175 1079 1263 1105 non
1290 1065 1514 1106 incruento
1542 1064 1787 1106 certamine.

258 1132 460 1187 reliquias
480 1132 565 1174 fusi
585 1132 795 1175 exercitus
823 1133 1088 1175 ualidissima
1115 1134 1267 1175 ciuitas
1296 1136 1466 1176 Lancea
1495 1135 1686 1189 excepit,
1715 1134 1791 1176 ubi

259 1217 358 1243 cum
376 1201 480 1243 locis
502 1203 606 1244 adeo
626 1209 836 1244 certatum
856 1210 921 1244 est
940 1210 1004 1253 ut,
1027 1219 1126 1244 cum
1144 1204 1191 1245 in
1206 1211 1375 1259 captam
1395 1206 1544 1247 urbem
1563 1205 1675 1246 faces
1694 1219 1789 1259 pos-

259 1278 469 1322 cerentur,
493 1286 615 1327 aegre
636 1273 726 1314 dux
745 1272 1038 1327 impetrauerit
1058 1274 1254 1325 ueniam,
1278 1282 1327 1315 ut
1348 1274 1550 1316 uictoriae
1571 1276 1792 1316 Romanae

259 1349 377 1384 stans
397 1342 539 1398 potius
561 1349 671 1384 esset
691 1357 820 1396 quam
839 1342 1015 1384 incensa
1033 1350 1374 1385 monumentum.
1449 1387 1451 1389 ,
1819 1352 1862 1385 15

374 1412 462 1453 Hic
481 1413 580 1455 finis
600 1414 798 1468 Augusto
817 1413 1067 1455 bellicorum
1087 1414 1368 1459 certaminum
1387 1413 1495 1464 fuit,
1526 1413 1640 1455 idem
1659 1414 1793 1455 rebel-

259 1482 380 1523 landi
398 1482 497 1525 finis
518 1483 772 1539 Hispaniae.
805 1490 919 1525 certa
938 1498 1040 1525 mox
1058 1486 1164 1526 fides
1186 1491 1228 1526 et
1249 1491 1420 1527 aeterna
1439 1499 1540 1539 pair,
1563 1499 1662 1525 cum
1681 1483 1791 1539 ipso-

259 1567 357 1595 rum
376 1552 550 1609 ingenio
581 1553 628 1595 in
653 1553 769 1608 pacis
801 1560 910 1595 artes
939 1553 1220 1609 promptiore,
1253 1560 1346 1595 tum
1375 1554 1552 1596 consilio
1582 1553 1790 1604 Caesaris,

261 1623 336 1678 qui
355 1623 557 1666 fiduciam
576 1624 790 1666 montium
811 1624 966 1668 timens
987 1625 1033 1666 in
1054 1640 1158 1680 quos
1179 1639 1224 1666 se
1243 1624 1519 1678 recipiebant,
1538 1633 1676 1665 castra
1696 1639 1789 1674 sua,

260 1692 361 1748 quia
380 1692 426 1734 in
455 1693 584 1748 plano
606 1701 749 1744 erant,
784 1695 975 1736 habitare
997 1702 1040 1736 et
1059 1695 1245 1736 incolere
1266 1694 1404 1736 iussit.
1447 1694 1508 1734 ibi
1533 1694 1673 1748 gentis
1704 1708 1795 1736 esse
1819 1701 1865 1734 20

261 1762 503 1813 consilium,
524 1763 634 1806 illud
643 1765 866 1806 obseruare
877 1771 1019 1821 caput.
1040 1766 1212 1807 fauebat
1228 1764 1405 1806 consilio
1420 1771 1573 1806 natura
1587 1764 1787 1819 regionis.

260 1833 532 1875 circumcirca
548 1835 686 1877 omnis
706 1835 888 1878 aurifera
900 1843 1020 1877 estet
1036 1836 1319 1890 chrysocollae
1334 1834 1541 1889 miniique
1554 1842 1595 1876 et
1611 1835 1790 1877 aliorum

261 1903 451 1946 colorum
466 1904 598 1947 ferax.
622 1905 767 1960 itaque
784 1905 967 1948 exerceri
987 1907 1126 1948 solum
1146 1905 1285 1947 iussit.
1320 1905 1379 1946 sic
1394 1905 1573 1947 Astures
1589 1903 1635 1946 ui
1654 1905 1789 1946 laten-

264 2050 279 2082 1
307 2048 502 2084 adstrinxit
523 2049 582 2095 Nl]
599 2055 855 2086 succoronatur
877 2051 1003 2086 rebelli
1024 2051 1084 2097 ΝΠ
1111 2054 1130 2086 2
1158 2051 1285 2096 dignas
1310 2062 1435 2084 currus
1459 2058 1484 2084 Β
1502 2050 1514 2095 ΙΙ
1539 2050 1647 2085 etiam
1672 2062 1793 2086 caesar

259 2109 383 2139 tantus
400 2109 521 2141 eratN
534 2107 545 2153 Η
565 2109 584 2141 3
602 2111 643 2142 ut
658 2108 840 2154 triumpho
858 2107 981 2153 augeri
998 2111 1242 2141 contemneret
1256 2105 1384 2150 scripsi
1391 2119 1402 2138 .·
1421 2106 1545 2151 augeri
1562 2110 1791 2152 contempne-

259 2166 315 2196 ret
330 2166 372 2196 ut
388 2162 589 2209 triumphos
598 2172 634 2205 Β,
655 2168 697 2198 ut
712 2169 833 2210 posset
848 2164 1048 2209 triumphos
1065 2167 1291 2197 contemnere
1307 2170 1340 2196 N
1353 2162 1365 2208 ss
1383 2162 1477 2196 idem
1493 2170 1526 2196 N
1540 2162 1551 2207 ΙΙ
1569 2164 1589 2196 4
1607 2162 1791 2196 montibus

261 2219 336 2252 suis
352 2227 385 2253 N
399 2219 410 2265 H
428 2222 447 2253 5
467 2225 630 2266 sumptus
648 2225 690 2254 ut
704 2220 864 2254 barbaris
880 2229 912 2255 Ν
927 2221 938 2266 Η
957 2221 1148 2255 uidebatur
1165 2224 1217 2253 tu
1241 2227 1285 2260 B,
1316 2230 1371 2252 om
1395 2227 1429 2253 N
1443 2219 1454 2264 ΙΙ
1472 2219 1585 2263 impes
1603 2222 1640 2252 et
1663 2217 1790 2263 positis

260 2283 294 2309 N
308 2275 319 2321 Η
337 2278 357 2310 6
375 2280 527 2310 astaram
542 2284 579 2318 Β,
599 2288 739 2311 scuram
754 2284 788 2310 N
803 2276 813 2320 [Ι
831 2276 988 2311 indiuiso
1003 2285 1036 2311 N
1051 2276 1062 2322 ΙΙ
1082 2279 1099 2310 7
1119 2280 1233 2310 castra
1249 2274 1398 2320 adgredi
1414 2280 1542 2320 parant
1565 2283 1598 2309 N
1612 2275 1623 2321 11
1649 2286 1719 2320 que
1735 2287 1790 2310 om

259 2339 293 2365 N
307 2331 318 2377 Η
337 2333 356 2365 8
375 2324 542 2366 ultimum
559 2333 624 2366 edd
638 2336 735 2367 uett:
764 2332 901 2367 utinam
924 2341 983 2367 ΒΝ
997 2333 1007 2378 l}
1026 2338 1113 2367 tunc
1130 2336 1250 2366 tamen
1268 2331 1422 2365 fortibus
1437 2339 1471 2365 N
1485 2331 1496 2377 ΙΙ
1515 2337 1587 2366 tam
1615 2343 1658 2372 ς.·
1685 2342 1792 2376 quam

260 2395 303 2429 B,
331 2387 401 2422 iam
417 2396 451 2422 N
465 2388 475 2433 Η
494 2391 514 2422 9
532 2388 723 2423 dricaecini
739 2397 776 2431 B,
802 2389 997 2434 drigaecini
1013 2396 1047 2423 N
1061 2390 1071 2434 ΙΙ
1090 2388 1333 2434 prouidissent
1356 2387 1488 2432 quibus
1512 2395 1538 2422 B
1555 2387 1566 2433 ΙΙ
1588 2389 1627 2421 10
1645 2387 1794 2421 aduenit

262 2444 528 2488 oppraessissed
552 2445 701 2480 consilia
724 2453 758 2480 N
780 2445 793 2488 fl
816 2456 881 2490 pro
902 2445 1046 2490 scripsi.-
1071 2447 1180 2489 prout
1199 2451 1224 2477 B
1242 2442 1253 2488 H
1276 2444 1311 2476 11
1333 2443 1383 2477 sic
1410 2454 1553 2489 quoque
1568 2443 1716 2488 scripsi:
1742 2443 1793 2478 sio

261 2503 380 2533 tamen
399 2511 544 2545 quoquo
559 2509 605 2543 Β,
641 2501 692 2536 sic
714 2506 834 2536 tamen
852 2512 995 2547 quoque
1015 2509 1049 2535 N
1078 2500 1089 2545 ΙΙ
1117 2502 1156 2534 12
1183 2499 1299 2534 lancia
1320 2507 1353 2533 N
1380 2500 1390 2545 ΙΙ
1417 2499 1552 2545 excipit
1572 2507 1598 2534 B
1624 2499 1635 2544 d
1664 2499 1792 2533 131οοί

260 2563 294 2590 N
308 2555 319 2601 Η
337 2561 650 2601 poposcerenturss
675 2558 686 2603 Η
707 2559 746 2591 14
763 2557 1016 2603 impetrauerat
1032 2565 1065 2591 N
1085 2557 1096 2603 ΙΙ
1125 2556 1255 2591 uictori
1271 2569 1325 2586 νο*
1342 2556 1478 2590 omanis
1501 2567 1547 2590 an
1573 2555 1693 2601 potius
1717 2567 1794 2590 esse

263 2623 369 2657 quam
386 2611 532 2647 incensa
547 2626 600 2643 ιο*
617 2618 803 2647 umentum
819 2621 845 2647 Β
862 2614 873 2660 ΙΙ
895 2616 935 2647 16
953 2613 1098 2659 augusti
1119 2613 1206 2647 belli
1231 2613 1393 2648 ciuilium
1415 2612 1585 2646 certamin
1601 2624 1636 2642 σα
1652 2610 1722 2645 fuit
1737 2618 1762 2644 Β
1779 2611 1791 2656 ΙΙ

266 2669 305 2702 17
324 2672 416 2703 terta
432 2676 465 2703 N
479 2668 490 2714 H
512 2670 551 2702 18
570 2672 645 2702 arte
661 2677 698 2710 B,
726 2675 843 2714 partes
859 2677 892 2703 N
907 2669 917 2714 ΙΙ
935 2670 1134 2715 promptior
1150 2674 1186 2704 et
1204 2681 1285 2704 cum
1307 2677 1340 2703 N
1355 2668 1366 2714 ΙΙ
1390 2670 1428 2702 19
1454 2679 1525 2713 quo
1547 2675 1581 2702 N
1601 2667 1613 2713 ΙΙ
1639 2677 1705 2702 sua
1728 2666 1792 2701 sed

220 2768 222 2770 K
263 2736 354 2770 quae
371 2724 409 2760 in
424 2733 458 2759 N
471 2726 482 2771 ΙΙ
502 2718 719 2770 20'bigentis
734 2733 767 2759 N
782 2726 792 2771 ΙΙ
812 2728 851 2759 21
880 2725 1069 2759 consilium
1093 2725 1156 2759 ubi
1181 2725 1273 2760 illud
1295 2733 1320 2760 Β
1338 2725 1349 2771 ΙΙ
1367 2723 1549 2759 obseruari
1572 2731 1606 2759 N
1619 2723 1630 2769 ΙΙ
1648 2722 1793 2757 fauebat

263 2793 318 2815 om
334 2789 368 2816 N
382 2781 392 2827 ΙΙ
411 2781 573 2827 positura
587 2789 612 2816 Β
630 2781 642 2827 ss
659 2783 701 2816 22
720 2781 948 2816 circumcirca
963 2780 1111 2825 scripsi:
1139 2781 1232 2815 circa
1248 2793 1329 2815 cum
1345 2789 1381 2823 Β,
1403 2780 1495 2815 circa
1510 2791 1547 2814 se
1563 2787 1597 2814 N
1610 2778 1622 2824 ΙΙ
1640 2778 1795 2813 aurifera

264 2841 319 2872 est
334 2837 462 2883 sampsi
470 2852 481 2871 :
521 2838 695 2873 auriferae
726 2846 771 2880 Β,
807 2837 961 2872 aurifera
976 2844 1009 2870 N
1023 2836 1034 2882 ss
1053 2842 1088 2871 et
1105 2837 1312 2872 chrisocalle
1329 2836 1503 2881 miniique
1518 2843 1555 2877 B,
1574 2835 1793 2880 minimeque

264 2898 301 2927 et
317 2893 560 2930 chrusocollae
575 2902 610 2930 N
623 2894 635 2940 ΙΙ
654 2897 696 2929 23
714 2897 828 2929 astare
843 2900 880 2935 B,
899 2897 1073 2928 astumres
1097 2901 1131 2927 N
1144 2894 1155 2939 ΙΙ
1174 2894 1211 2928 ui
1228 2894 1379 2928 latentes
1403 2891 1551 2937 smjwi:
1583 2891 1739 2926 nitentes
1755 2898 1791 2933 Β,

265 2955 306 2984 ut
322 2950 473 2985 latentes
490 2958 519 2986 N
537 2950 548 2996 ΙΙ

1915 0 1969 26 ἲῦᾖᾞ
