2002 3320
763 230 959 259 marona
981 231 1014 266 1,
1037 226 1056 258 7
1081 217 1176 272 [13].
1702 218 1750 255 17

169 333 200 372 I
223 331 468 381 interitum,
497 330 669 372 urbium
698 336 884 384 stragem
912 329 1143 371 uideretur.
1185 328 1231 368 hi
1260 328 1476 382 quondam
1505 328 1558 368 ab
1589 327 1752 369 ultimis

156 967 197 999 10

157 1315 198 1346 15

157 1661 200 1694 20

158 2009 201 2042 25

162 2356 205 2387 30

220 409 430 442 terrarum
448 399 531 441 oris
552 407 595 441 et
614 399 813 454 cingente
833 399 978 441 omnia
997 399 1170 440 Oceano
1185 397 1352 452 ingenti
1367 397 1537 452 agmine
1556 397 1750 452 profecti,

221 485 320 512 cum
338 470 425 512 iam
442 469 584 510 media
602 476 858 519 uastassent,
875 468 1025 524 positis
1045 468 1158 509 inter
1171 468 1303 521 Alpes
1318 474 1361 508 et
1378 468 1546 509 Padum
1566 466 1751 516 sedibus,

220 556 274 582 ne
294 540 361 581 his
391 539 564 594 quidem
594 538 785 580 contenti
814 553 889 592 per
910 537 1084 580 Italiam
1112 538 1380 592 uagabantur
1391 553 1403 587 ;
1437 545 1531 578 tum
1558 537 1755 578 Clusium

226 611 373 651 urbem
393 608 658 650 obsidebant.
692 623 768 663 pro
795 607 919 649 sociis
941 622 990 649 ac
1009 607 1234 649 foederatis
1251 608 1473 648 Romanus
1494 606 1751 655 interuenit3

219 679 341 721 missi
376 693 430 720 ex
463 693 579 719 more
614 678 759 732 legati.
802 679 876 719 sed
911 678 1026 732 quod
1059 677 1127 718 ius
1162 683 1267 730 aput
1299 676 1529 718 barbaros?
1570 676 1753 718 ferocius

219 757 376 804 agimt3
411 755 453 789 et
474 748 574 789 inde
596 755 824 789 certamen.
859 746 1075 788 conuersis
1104 746 1237 801 igitur
1266 760 1292 787 a
1319 746 1468 788 Clusio
1489 747 1755 801 Romanique

222 818 497 860 uenientibus
519 819 573 859 ad
592 817 737 858 Aliam
755 818 918 858 flumen
937 831 1036 858 cum
1055 816 1246 858 exercitu
1265 815 1422 857 Fabius
1443 817 1592 857 consul
1613 831 1755 864 occur-

222 889 294 930 rit.
327 903 416 930 non
435 895 594 929 temere
623 887 784 928 foedior
813 887 953 928 clades
964 902 976 935 3
1010 886 1154 941 itaque
1181 887 1298 927 hunc
1325 886 1440 927 diem
1466 886 1586 927 fastis
1617 887 1757 927 Roma

225 958 458 1000 damnavit.
497 957 593 998 fuso
628 955 817 997 exercitu
859 956 946 997 iam
978 956 1201 998 moenibus
1236 955 1353 998 urbis
1394 955 1752 1010 propinquabant.

224 1034 346 1069 erant
363 1027 485 1068 nulla
504 1025 728 1080 praesidia.
763 1032 858 1071 tum
877 1025 1010 1079 igitur
1030 1023 1090 1066 sic
1111 1031 1160 1064 ut
1179 1038 1416 1079 numquam
1436 1025 1539 1067 alias
1562 1026 1758 1081 apparuit

225 1111 328 1138 uera
347 1096 422 1137 illa
441 1097 639 1137 Romana
655 1094 807 1135 uirtus.
832 1094 919 1135 iam
938 1093 1126 1148 primum
1140 1093 1321 1135 maiores
1336 1101 1459 1144 natu,
1484 1095 1757 1149 amplissimis

224 1165 570 1215 usi-honoribus,
604 1164 651 1205 in
669 1164 810 1206 forum
839 1171 1017 1214 coeunt,
1049 1163 1110 1205 ibi
1129 1164 1593 1218 deuouentepontifice
1621 1164 1685 1206 dis
1715 1179 1759 1206 se

223 1235 421 1276 manibus
456 1242 727 1284 consecrant,
765 1234 993 1289 statimque
1014 1233 1062 1274 in
1091 1248 1188 1275 suas
1218 1233 1396 1287 quisque
1428 1235 1550 1275 aedes
1581 1234 1760 1289 regressi

228 1305 288 1347 sic
316 1312 366 1346 ut
394 1304 440 1346 in
471 1305 627 1346 trabeis
657 1312 778 1346 erant
806 1312 850 1345 et
878 1303 1141 1359 amplissimo
1170 1303 1291 1344 cultu
1317 1302 1363 1343 in
1393 1303 1612 1345 curulibus
1644 1304 1760 1346 sellis

224 1389 315 1416 sese
333 1382 613 1428 reposuerunt
625 1406 639 1424 ,
661 1381 735 1424 ut,
758 1389 857 1416 cum
877 1373 1065 1415 uenisset
1084 1373 1219 1415 hostis
1231 1404 1245 1423 ‚
1268 1373 1314 1414 in
1330 1388 1408 1414 sua
1422 1373 1600 1428 quisque
1621 1374 1759 1429 digni-

224 1452 311 1486 tate
330 1452 578 1486 moreretur.
612 1444 835 1498 pontifices
857 1450 900 1484 et
928 1443 1122 1485 flamines
1144 1442 1351 1497 quidquid
1379 1443 1689 1497 religiosissimi
1711 1444 1758 1485 in

226 1514 397 1568 templis
418 1523 507 1555 erat
526 1513 684 1568 partim
702 1513 750 1554 in
772 1513 905 1555 doleis
925 1513 1091 1554 defossa
1110 1519 1222 1554 terra
1241 1513 1495 1562 recondunt,
1517 1513 1675 1567 partim
1694 1514 1758 1555 in-

226 1584 366 1639 posita
387 1583 588 1638 plaustris
610 1598 756 1625 secum
775 1583 905 1625 Veios
927 1582 1140 1624 auferunt.
1174 1581 1364 1637 uirgines
1394 1582 1523 1623 simul
1553 1598 1607 1624 ex
1627 1598 1760 1625 sacer-

227 1653 344 1695 dotio
365 1654 522 1696 Vestae
541 1655 658 1695 nudo
677 1654 784 1707 pede
809 1652 1019 1707 fugientia
1039 1667 1158 1694 sacra
1176 1652 1448 1694 comitantur.
1474 1661 1620 1694 tamen
1640 1668 1760 1695 exce-

226 1723 340 1777 pisse
359 1722 563 1777 fugientis
584 1737 696 1765 unus
718 1737 773 1763 ex
791 1722 915 1776 plebe
935 1721 1069 1763 fertur
1088 1721 1263 1764 Atinius
1275 1753 1288 1771 ‚
1312 1722 1386 1776 qui
1405 1723 1608 1776 depositis
1629 1738 1762 1765 uxore

228 1801 271 1834 et
299 1792 443 1834 liberis
473 1792 662 1846 uirgines
691 1791 739 1832 in
766 1792 1007 1846 plaustrum
1036 1791 1209 1846 recepit.
1252 1793 1356 1833 adeo
1388 1799 1491 1833 tunc
1521 1807 1688 1847 quoque
1716 1793 1763 1833 in

227 1862 391 1903 ultimis
411 1862 560 1916 religio
579 1848 753 1916 publica
771 1860 950 1915 priuatis
981 1860 1216 1902 adfectibus
1237 1862 1532 1903 antecellebat.
1558 1862 1762 1904 iuuentus

228 1946 346 1981 uero,
370 1946 499 1986 quam
519 1931 621 1972 satis
642 1938 809 1972 constat
828 1930 905 1971 uix
923 1930 1042 1971 mille
1062 1929 1287 1972 hominum
1307 1931 1454 1982 fuisse,
1473 1934 1580 1974 duce
1596 1934 1763 1975 Manlio

229 2015 369 2042 arcem
390 2001 625 2055 Capitolini
643 2000 802 2041 montis
822 1999 1003 2049 insedit,
1027 2001 1239 2041 obtestata
1258 2001 1401 2055 ipsmn
1421 2003 1544 2056 quasi
1564 2018 1762 2059 praesen-

229 2078 316 2112 tem
335 2072 511 2120 Iouem,
543 2078 592 2111 ut
622 2085 749 2124 quem
770 2071 823 2110 ad
843 2070 1019 2110 modum
1038 2069 1121 2123 ipsi
1142 2071 1196 2111 ad
1216 2071 1531 2113 defendendum
1552 2074 1762 2127 templum

230 2140 320 2181 eius
342 2140 670 2193 concurrissent,
693 2140 756 2181 ita
775 2139 847 2180 ille
868 2139 1075 2180 uirtutem
1095 2153 1242 2180 eorum
1258 2141 1436 2182 numine
1457 2157 1533 2183 suo
1556 2150 1758 2183 tueretur.

231 2198 599 2250 aderantinterim
619 2209 738 2250 Galli
759 2216 1033 2263 apertamque
1053 2210 1203 2249 urbem
1223 2210 1360 2264 primo
1381 2211 1560 2264 trepidi,
1593 2226 1647 2252 ne
1669 2213 1762 2266 quis

233 2279 424 2319 subesset
453 2279 600 2328 dolus,
629 2292 755 2327 mori,
789 2277 864 2318 ubi
894 2277 1170 2318 solitudinem
1191 2278 1364 2328 uident,
1396 2279 1487 2333 pari
1518 2280 1700 2322 clamore
1721 2290 1764 2322 et

232 2347 397 2400 impetu
425 2347 651 2389 inuadunt.
686 2346 871 2401 patentis
910 2347 1070 2401 passim
1097 2348 1243 2389 domos
1274 2349 1449 2390 adeunt.
1483 2349 1543 2391 ibi
1569 2352 1763 2392 sedentes

235 2517 255 2548 4
271 2513 538 2548 bacchabantur
553 2521 572 2547 Ι
587 2514 599 2559 Η
623 2518 711 2548 tunc
728 2514 881 2549 clusium
896 2515 1032 2549 tusciae
1049 2515 1174 2549 urbem
1189 2523 1210 2549 1
1225 2515 1236 2560 Η
1260 2518 1279 2549 5
1299 2516 1362 2551 ubi
1377 2528 1442 2562 pro
1455 2525 1476 2551 Ι
1490 2517 1502 2564 Η
1521 2520 1541 2552 6
1556 2518 1687 2553 missus
1703 2528 1723 2553 Ι
1738 2520 1748 2565 Η

232 2570 373 2615 legatus
389 2578 409 2603 Ι
423 2570 435 2615 Η
456 2571 472 2602 7
492 2569 655 2603 conuersi
672 2569 759 2615 galli
774 2581 796 2604 a
811 2570 924 2604 clusio
940 2582 1087 2612 romam,
1108 2571 1239 2616 quibus
1255 2572 1302 2606 ad
1316 2581 1338 2606 Ι
1351 2573 1363 2619 Η
1391 2575 1411 2606 8
1424 2573 1543 2608 fauius
1558 2581 1592 2607 N
1606 2574 1617 2619 Η
1644 2586 1766 2609 occur—

232 2625 281 2660 rit
291 2625 446 2659 consull
462 2625 472 2670 Η
491 2627 511 2659 9
522 2624 633 2659 cladis
648 2633 674 2658 B
691 2625 702 2670 Η
724 2628 764 2659 10
780 2626 1173 2672 adpropinquabantIN
1186 2627 1198 2673 Η
1220 2630 1257 2661 11
1269 2628 1333 2663 ubi
1341 2641 1433 2675 pene
1443 2629 1542 2663 nulla
1550 2635 1652 2664 erant
1667 2642 1766 2675 prae-

233 2681 354 2716 sidial
369 2682 380 2726 Η
398 2680 511 2726 igitur
526 2685 589 2714 aut
605 2691 801 2726 numquam
819 2689 852 2715 N
866 2682 877 2727 Η
899 2683 938 2715 13
956 2693 995 2716 se
1012 2694 1068 2716 om
1083 2691 1109 2718 B
1126 2683 1137 2729 Η
1158 2685 1198 2717 15
1215 2684 1425 2720 trabei·erat
1441 2685 1461 2719 b
1479 2686 1490 2730 Η
1512 2688 1552 2719 16
1569 2691 1767 2731 posuerunt

233 2744 266 2770 N
280 2737 292 2782 Η
310 2736 461 2783 quisque
478 2748 534 2769 om
548 2743 582 2769 N
596 2736 607 2780 Η
629 2738 667 2769 1ῖ
687 2741 910 2772 morerentur
921 2745 955 2771 N
967 2738 979 2784 Η
997 2738 1158 2784 quitquit
1172 2747 1206 2774 N
1219 2740 1230 2786 Η
1252 2743 1292 2774 18
1310 2746 1424 2776 terrae
1440 2749 1473 2774 N
1496 2741 1506 2785 Η
1536 2743 1575 2775 19
1594 2741 1694 2774 ueios
1710 2752 1766 2773 om

232 2798 266 2825 N
279 2791 291 2836 Η
308 2793 351 2826 20
368 2791 532 2837 fugentia
546 2800 571 2825 Β
589 2792 599 2837 Η
619 2794 656 2825 21
678 2791 858 2837 fugientes
873 2800 918 2833 B,
938 2793 1098 2839 sugentis
1113 2803 1147 2829 N
1159 2795 1172 2841 Η
1190 2807 1209 2830 e
1224 2796 1309 2838 111N,
1330 2797 1375 2831 de
1390 2797 1430 2830 ιΡ
1448 2798 1458 2841 Η
1477 2796 1632 2830 albinius
1648 2803 1680 2828 N
1694 2797 1706 2840 Η
1725 2798 1766 2829 22

234 2851 352 2880 tumN
364 2847 378 2893 Η
396 2850 438 2881 24
449 2848 628 2882 manilioB
646 2849 657 2893 Η
676 2850 718 2882 26
731 2847 851 2882 iouem
858 2857 953 2883 omN
967 2850 979 2894 Η
997 2852 1039 2884 27
1051 2851 1317 2886 occurrissentl
1331 2852 1342 2897 Η
1361 2854 1403 2885 28
1413 2857 1512 2884 erant
1522 2859 1555 2884 N
1570 2851 1580 2894 Η
1599 2851 1714 2895 primo
1724 2871 1767 2876 —

236 2901 452 2936 domosoml
467 2902 479 2948 Η
497 2903 602 2948 quiN
615 2904 627 2949 Η
646 2906 688 2938 29
698 2903 799 2938 uidet
813 2904 832 2937 b
849 2903 861 2950 Η
880 2909 922 2938 ut
931 2905 1007 2950 pari
1017 2913 1062 2939 BI
1077 2906 1088 2950 Η
1107 2908 1150 2941 30
1162 2912 1360 2951 patentesB
1378 2907 1388 2950 Η
1408 2906 1575 2939 domusN
1590 2907 1600 2950 Η
1619 2906 1724 2940 ubiN
1739 2907 1751 2951 Η

280 2965 434 2991 FLORvs.
1529 2970 1548 3001 2
