2002 3320
470 134 506 170 d

493 259 538 302 r
834 234 1094 262 rumano.
1330 220 1335 221 ⁷
1548 226 1748 263 XLVIIII

198 347 290 374 esse
311 332 382 374 uel
409 347 460 374 ea
478 333 609 374 uerba
635 333 952 391 demonstrant,
984 333 1139 387 quibus
1170 333 1223 374 de
1253 331 1429 373 ciuitate
1460 331 1529 373 dei
1558 334 1658 383 ΙΙΙ,
1696 337 1743 375 19

192 403 307 444 bello
330 402 498 444 Punico
518 402 706 443 secundo
725 402 786 443 ita
813 403 1032 444 Romanos
1061 409 1188 458 atque
1216 401 1575 456 Carthaginenses
1602 417 1748 444 secum

191 486 405 528 pugnasse
424 479 583 523 narrat,
621 477 670 514 ut
686 471 755 514 his
781 470 944 531 quoque
960 472 1218 528 fatentibus,
1250 471 1327 528 qui
1351 485 1435 512 non
1458 476 1544 513 tam
1563 486 1748 514 narrare

192 542 302 584 bella
327 543 527 584 Romana
556 557 684 597 quam
713 543 957 584 Romanum
987 541 1211 597 imperium
1240 542 1420 583 laudare
1455 541 1744 592 instituerunt,

190 611 374 654 similior
399 612 509 654 uicto
526 610 676 667 fuerit
703 611 777 653 ille
806 611 882 667 qui
911 612 1016 654 uicit
1045 637 1096 644 -
1113 644 1126 662 ,
1159 611 1196 653 si
1231 626 1330 653 cum
1350 610 1410 652 eis
1432 610 1548 653 Flori
1568 613 1699 653 uerba
1717 627 1746 667 p

194 685 268 732 35,
308 687 331 722 5
367 681 663 745 conparaueris
699 689 742 723 et
777 681 906 723 simul
950 681 1285 724 consideraueris
1331 695 1460 736 quam
1495 688 1592 736 apte
1627 681 1746 723 Flori

190 751 350 794 librum
370 751 690 807 significauerit.
733 752 877 807 itaque
905 751 1035 793 etiam
1054 751 1101 793 in
1121 751 1180 793 eis
1202 765 1311 806 quae
1331 750 1485 792 deinde
1506 752 1634 793 refert
1653 753 1744 793 Au-

189 822 389 878 gustinus
410 822 559 863 eodem
578 822 708 872 libro,
741 822 987 877 praesertim
1016 837 1039 863 c
1061 826 1138 873 20,
1176 825 1244 871 27,
1279 825 1348 871 28,
1381 824 1449 871 29,
1480 836 1569 862 non
1589 822 1747 864 desunt

191 892 307 934 Flori
341 892 609 947 apertissima
637 892 836 947 uestigia.
888 884 1040 941 offltto
1072 892 1327 933 recentiores
1367 891 1591 946 scriptores
1621 892 1744 934 Liut-

189 962 400 1017 prandum
413 994 427 1012 ‚
457 962 760 1016 Freculphum,
797 962 918 1012 alios,
952 976 1057 1016 quos
1077 962 1203 1004 Floro
1233 976 1331 1003 usos
1362 976 1454 1004 esse
1475 969 1640 1003 certum
1661 969 1741 1003 est.

190 1039 379 1074 ceterum
398 1046 487 1072 non
506 1038 571 1073 est
601 1032 716 1086 quod
733 1045 932 1072 moneam
962 1046 1012 1072 eo
1038 1023 1132 1085 spso
1144 1063 1157 1081 ,
1189 1033 1302 1086 quod
1322 1038 1443 1072 tanto
1463 1031 1607 1073 studio
1628 1031 1745 1073 Flori

189 1101 296 1142 liber
314 1101 450 1142 lectus
471 1107 514 1143 et
533 1100 768 1155 descriptus
797 1107 884 1151 est,
917 1100 1123 1155 explicari
1152 1101 1227 1156 qui
1256 1101 1419 1142 factum
1447 1101 1502 1143 sit
1531 1109 1582 1143 ut
1610 1102 1743 1143 inter-

188 1170 476 1227 polationibus
505 1177 724 1227 tantopere
752 1171 972 1213 foedatum
1001 1167 1149 1216 uelssl
1179 1171 1350 1227 optimis
1378 1171 1596 1214 codicibus
1627 1172 1743 1226 lega-

190 1256 285 1284 mus
295 1258 308 1291 ;
347 1241 477 1283 etiam
511 1240 609 1282 libri
636 1241 771 1282 nimio
807 1242 1023 1283 fautorum
1057 1241 1199 1283 studio
1234 1249 1578 1297 corrumpuntur.
1632 1256 1743 1296 quae

190 1327 291 1354 cum
316 1311 378 1352 ita
407 1311 509 1361 sint,
542 1311 718 1353 fortasse
747 1311 902 1366 aliquis
922 1326 1041 1366 spem
1069 1311 1282 1366 concipiat
1310 1313 1399 1354 fore
1425 1319 1475 1353 ut
1511 1312 1663 1354 Florus
1685 1326 1740 1352 ex

190 1381 352 1425 scholio
372 1381 538 1423 Lucani
559 1382 675 1431 IIII,
701 1385 782 1423 624
803 1381 1083 1437 redintegrari
1103 1381 1247 1437 aliqua
1265 1396 1321 1423 ex
1338 1389 1459 1437 parte
1478 1381 1636 1437 possit,
1669 1381 1744 1422 ubi

188 1454 295 1495 haec
324 1453 528 1507 leguntur
559 1448 685 1493 ‘dicit
721 1451 919 1493 Valerius
958 1451 1185 1494 Suetonius
1225 1458 1265 1494 et
1292 1452 1450 1494 Florus
1483 1453 1600 1508 quod
1626 1452 1742 1493 Atti-

192 1523 274 1566 lius
294 1522 414 1563 miles
440 1522 639 1564 Caesaris
665 1522 711 1563 in
732 1522 836 1563 bello
855 1521 1127 1564 Massiliensi
1154 1522 1299 1564 iniecit
1325 1536 1499 1563 manum
1529 1521 1575 1562 in
1594 1520 1742 1563 nauim

190 1592 507 1636 Massiliensem
536 1598 577 1633 et
605 1591 683 1633 illa
713 1598 934 1646 amputata
963 1591 1107 1633 iniecit
1143 1591 1276 1634 aliam
1303 1597 1346 1633 et
1372 1598 1459 1634 tam
1489 1591 1565 1633 diu
1594 1590 1741 1632 nanim

193 1662 327 1706 tenuit
353 1663 482 1704 donee
509 1662 869 1716 submerqeretur,
907 1667 1072 1704 secatus
1106 1661 1391 1718 Cynaeyirum
1412 1661 1588 1703 militem
1608 1659 1741 1703 Athe-

190 1733 374 1776 niensem
403 1732 449 1774 in
477 1731 581 1774 bello
620 1737 767 1774 eontra
801 1733 961 1774 Persas
995 1733 1224 1773 seeundum
1253 1731 1468 1773 Iustinum
1506 1731 1579 1772 VI
1602 1725 1738 1772 Zibro'.

193 1805 277 1846 tale
298 1803 402 1858 quid
428 1803 542 1857 apud
570 1802 743 1844 Florum
774 1817 861 1843 non
889 1802 975 1857 legi
1007 1810 1171 1844 certum
1199 1809 1286 1844 est:
1323 1803 1399 1843 sed
1428 1801 1626 1856 equidem
1653 1815 1741 1842 non

193 1875 379 1916 adducar
398 1879 448 1914 ut
467 1873 633 1914 credam
662 1872 947 1914 Guilielmum
976 1873 1201 1927 Capellum
1230 1873 1282 1914 de
1302 1871 1482 1913 Auletta
1495 1903 1509 1921 ,
1532 1871 1608 1926 qui
1628 1885 1740 1912 anno

192 1956 407 1987 mccccxm
427 1943 508 1984 hoc
529 1942 766 1993 adnotauit,
790 1942 979 1997 pleniore
999 1958 1128 1998 quam
1147 1954 1225 1985 nos
1245 1943 1371 1984 Floro
1399 1956 1526 1983 usum
1546 1955 1650 1983 esse.

306 2028 474 2070 Dabam
495 2027 665 2083 Lipsiae
685 2035 869 2069 exeunte
889 2028 1087 2083 Augusto
1109 2027 1212 2068 anni
1232 2039 1452 2069 uncchn.

249 2990 403 3016 nonvs.
1471 2977 1549 3013 1111
1559 2968 1575 2984 “
