2002 3320
0 2642 2 2652 r

0 2673 22 2707 ,4⁸

0 2707 47 2721 ,M-

780 260 1042 290 maranno.
1116 287 1121 291 ,
1595 251 1694 288 XXI

407 366 445 402 B
922 364 963 401 X
1413 363 1463 400 N

981 437 1036 456 nee
1052 437 1131 456 1111Ρο

140 484 170 523 p
187 472 257 518 29,
309 471 334 507 6
358 475 570 522 quatenus
606 482 684 508 nec
722 475 935 521 quatenus
956 480 1035 507 nec
1055 466 1168 506 mole
1206 472 1420 520 quatenus
1460 479 1541 506 nec
1577 479 1693 522 mare

367 538 480 579 mole
869 568 878 596 Ι
1252 543 1295 577 et
1317 550 1397 577 nec
1418 536 1531 576 mole
1606 552 1609 557 ·

193 611 260 658 39,
282 611 334 648 23
356 608 510 650 saltem
535 608 668 650 oculis
723 578 875 647 salteixei
896 607 1030 648 oculis
1158 601 1165 607 ’
1206 606 1358 647 saltem
1380 606 1451 647 uel
1471 606 1606 647 oculis

193 704 262 751 63,
283 705 335 742 22
358 700 404 741 in
426 700 649 742 sinistrum
721 698 769 739 in
793 670 1016 760 giiiistrum
1203 697 1251 739 in
1272 713 1389 740 mare
1410 698 1632 740 sinistrum

193 797 263 843 89,
288 798 336 834 10
357 799 407 834 ut
446 793 493 834 in
523 793 684 848 punica
722 791 768 832 ul
788 754 1013 846 in-ssfflgss
1034 791 1139 832 urbe
1205 798 1280 833 aut
1300 791 1347 832 in
1363 791 1523 846 punica
1551 797 1626 832 aut
1645 791 1689 832 in

363 864 467 904 urbe
1249 861 1450 903 cimbrica
1469 862 1574 904 urbe

141 987 216 1028 sed
236 986 363 1041 longe
384 987 649 1041 frequentius
669 993 851 1039 utraque
870 985 998 1026 lectio
1019 992 1108 1026 tam
1127 985 1173 1025 in
1195 990 1234 1026 B
1253 1000 1384 1039 quam
1404 985 1452 1026 in
1471 989 1523 1027 N
1536 984 1692 1039 reperi-

142 1064 233 1106 tur,
269 1063 344 1096 aut
363 1056 490 1110 plane
511 1057 660 1097 eodem
680 1055 807 1096 modo
828 1054 1083 1109 transcripta
1110 1062 1186 1096 aut
1206 1055 1360 1096 leuiter
1379 1056 1608 1097 inmutata.
1629 1070 1694 1096 sa-

140 1127 196 1168 tis
215 1125 487 1167 memorabile
516 1125 764 1180 exemplum
794 1124 941 1166 statim
960 1124 1085 1166 initio
1116 1125 1454 1167 animaduertere
1475 1125 1577 1166 licet
1598 1139 1626 1180 p
1650 1129 1690 1175 6,

140 1201 210 1238 27.
244 1195 320 1237 ubi
340 1211 439 1237 cum
459 1196 562 1238 olim
583 1195 790 1250 scriptum
810 1202 974 1236 extaret
999 1190 1138 1237 ‘cuius
1166 1196 1267 1237 dum
1288 1195 1511 1252 anqustias
1533 1196 1694 1237 Remus

139 1267 333 1321 increpat
358 1261 513 1317 saltu',
535 1267 720 1321 primum
743 1266 937 1319 increpat
955 1266 1218 1320 explicatum
1239 1273 1304 1308 est
1333 1266 1546 1320 adscripto
1566 1266 1695 1307 uerbo

139 1337 320 1387 inridet,
345 1344 441 1378 tum
470 1336 663 1391 increpat
690 1337 805 1378 saltu
837 1336 983 1377 addito
1014 1335 1250 1378 transiluit.
1294 1337 1374 1378 hoc
1396 1336 1637 1391 adsumpsit
1658 1341 1696 1377 B

140 1414 183 1449 et
204 1407 373 1462 scripsit
394 1407 513 1449 cuius
530 1403 649 1450 ‘dum
671 1405 892 1462 anqustias
913 1420 1052 1447 remus
1074 1405 1269 1460 increpat
1295 1406 1410 1448 saltu
1432 1402 1690 1456 transiluit',

138 1477 250 1519 illud
270 1481 330 1527 N,
354 1477 429 1531 qui
449 1477 579 1518 etiam
599 1476 849 1531 pronomine
871 1476 1016 1517 addito
1033 1477 1087 1517 ad
1108 1483 1368 1517 structuram
1387 1476 1698 1530 expediendam

139 1547 203 1589 ita
229 1547 398 1601 scripsit
416 1543 555 1588 ‘cuius
586 1548 686 1588 dum
714 1546 875 1588 inridet
910 1547 1133 1602 anqustias
1151 1595 1154 1597 Α
1169 1561 1310 1588 remus
1349 1545 1476 1600 idque
1505 1545 1700 1600 increpat

139 1613 284 1660 saltu'.
326 1619 401 1659 sed
421 1618 535 1658 nihil
562 1617 701 1672 magis
724 1624 919 1671 apertum
940 1631 1031 1658 esse
1051 1624 1192 1671 potest
1213 1630 1343 1670 quam
1364 1617 1477 1670 quod
1496 1631 1525 1670 p
1549 1620 1616 1666 30,
1647 1622 1695 1658 18

141 1695 274 1730 extat.
299 1688 360 1730 ibi
380 1703 480 1730 cum
501 1687 708 1742 scriptum
728 1686 881 1728 fuisset
895 1682 1175 1741 ‘expeditioni
1193 1691 1337 1728 tantae
1355 1681 1602 1741 superfuit',
1624 1701 1696 1727 ex-

138 1759 330 1815 plicandi
348 1759 486 1815 gratia
506 1758 701 1800 additum
721 1764 810 1798 erat
830 1756 1082 1811 superuixit.
1107 1756 1253 1811 itaque
1273 1755 1319 1796 in
1340 1761 1379 1796 B
1398 1762 1518 1797 extat
1532 1752 1696 1810 ‘super-

129 1829 233 1885 fuit
250 1835 299 1871 ut
320 1829 418 1885 [hoc
439 1836 503 1871 est
522 1829 607 1884 uel]
631 1822 900 1883 superuixit',
922 1827 970 1868 in
989 1831 1039 1869 N
1049 1823 1287 1883 ‘superfuit
1305 1831 1346 1868 et
1363 1822 1629 1880 superuixit',
1651 1826 1698 1867 in

141 1899 186 1942 1¹·
206 1907 351 1942 autem
370 1899 587 1955 superfuit
614 1906 657 1940 et
685 1897 732 1939 in
762 1898 813 1939 1¹²
833 1898 1085 1952 superuixit.
1138 1898 1252 1953 quod
1281 1897 1432 1938 Florus
1462 1897 1581 1938 haud
1611 1912 1698 1938 uno

142 1972 236 2014 loco
255 1971 401 2027 posuit
420 1970 483 2012 sie
502 1984 663 2025 quoque
690 1970 737 2024 (p
761 1972 836 2018 32,
862 1973 886 2008 4
908 1968 956 2009 cf
973 1972 1051 2018 74,
1078 1970 1150 2021 28)
1172 1967 1217 2008 id
1235 1967 1302 2008 bis
1324 1967 1536 2021 adscripto
1559 1973 1697 2010 tamen

143 2041 405 2097 explicatum
425 2047 536 2090 erat3
560 2039 705 2094 itaque
727 2053 826 2080 cum
846 2053 874 2093 p
892 2043 960 2088 21,
986 2041 1034 2080 16
1057 2038 1101 2079 in
1119 2041 1189 2079 BI
1204 2039 1260 2080 sit
1278 2037 1340 2079 sic
1362 2043 1500 2079 tamen
1520 2053 1695 2093 quoque,

142 2112 191 2154 in
209 2116 258 2154 N
275 2127 376 2153 uero
400 2117 539 2153 tamen
558 2110 621 2152 sic
641 2124 814 2166 queque,
839 2116 881 2150 et
908 2123 936 2163 p
964 2113 1058 2159 122,
1090 2114 1134 2150 11
1158 2113 1246 2150 BN
1260 2109 1450 2150 habeant
1476 2107 1539 2149 sic
1562 2113 1699 2150 tamen

143 2197 325 2237 quoque,
349 2182 422 2223 uel
442 2183 543 2223 ordo
563 2181 791 2222 uerborum
811 2179 944 2221 suasit
964 2186 1014 2220 ut
1041 2178 1105 2220 sic
1132 2193 1293 2235 quoque
1319 2193 1580 2234 reponerem.
1627 2179 1701 2219 sed

147 2251 249 2293 satis
269 2252 348 2293 erit
368 2252 565 2307 exempla
584 2266 659 2306 per
679 2266 723 2292 se
744 2251 859 2292 clara
877 2264 1094 2292 recensere
1140 2275 1142 2277 -

430 2378 470 2416 X
986 2377 1025 2412 B
1464 2374 1514 2412 N

148 2457 177 2496 p
196 2446 264 2492 30,
285 2447 425 2497 8prae
453 2450 575 2486 tanta
612 2445 742 2486 huius
780 2458 882 2499 prae
904 2450 1026 2484 tanta
1041 2440 1224 2482 uictoria
1271 2455 1372 2496 prae
1414 2448 1537 2482 tanta
1570 2441 1700 2482 huius

293 2498 401 2536 proelii
824 2513 840 2553 l
931 2512 961 2552 h
998 2511 1007 2519 .
1173 2510 1223 2552 lii
1349 2511 1358 2519 ,
1375 2526 1385 2537 ἱ
1459 2511 1468 2519 ,

320 2535 502 2577 uictoria
519 2536 616 2577 leue
842 2527 920 2553 eue
962 2526 1062 2553 ulus
1071 2525 1172 2566 proe
1315 2519 1498 2553 mctona
1512 2512 1608 2552 leue
1619 2511 1699 2552 hu-

1315 2581 1383 2623 ius
1433 2582 1555 2623 roelii

196 2656 265 2702 31,
285 2657 308 2693 4
327 2653 592 2707 prooemium
620 2625 744 2695 niielli
780 2652 918 2707 prima
952 2651 1165 2707 premium
1270 2596 1432 2712 primaP
1445 2652 1549 2694 belli
1580 2666 1698 2707 prae—

314 2723 398 2764 fuit
419 2723 573 2765 ciuitas
824 2722 928 2764 belli
947 2723 1031 2764 fuit
1050 2722 1203 2764 ciuitas
1314 2722 1452 2764 mium
1480 2722 1564 2764 fuit
1592 2722 1698 2762 ciui-

1317 2800 1381 2835 tas

195 2866 265 2912 40,
289 2868 305 2904 1
326 2827 672 2919 sedegozttmpatria
781 2865 901 2906 sedes
923 2865 1074 2907 domus
1091 2870 1134 2906 et
1148 2878 1222 2919 pa·
1275 2865 1394 2905 sedes
1418 2870 1460 2903 et
1482 2863 1634 2902 domus
1655 2869 1698 2902 et

823 2935 907 2976 tria
1315 2932 1454 2986 patria
