2002 3320
266 247 319 287 82
454 235 461 241 ⁹
923 259 1016 287 1vL1
1039 258 1168 286 ηοω

264 356 512 399 incendium
547 364 596 397 ut
625 371 680 396 ne
717 355 898 410 primam
927 357 1045 398 illius
1088 358 1304 415 flammam
1344 363 1487 410 posset
1523 355 1732 397 sustinere
1759 361 1802 395 et

266 427 409 469 subita
436 433 572 466 morte
609 433 827 479 correptus
863 426 1167 468 hereditarium
1202 427 1248 466 in
1282 432 1471 480 posteros
1508 440 1604 466 suos
1638 425 1802 466 bellum

265 502 531 551 propagaret.
573 495 796 537 iudiciaria
824 497 918 550 lege
939 496 1124 538 Gracchi
1152 496 1388 537 diuiserant
1415 496 1623 549 populum
1644 497 1801 536 Roma-

265 580 371 608 num
402 573 445 607 et
481 565 702 620 bicipitem
731 581 784 606 ex
813 581 901 606 una
927 566 1117 608 fecerant
1135 566 1379 624 ciuitatem.
1423 565 1586 619 equites
1615 564 1802 606 Romani

267 644 389 678 tanta
407 642 618 690 potestate
647 636 845 685 subnixi,
878 643 927 676 ut
948 635 1022 689 qui
1051 635 1140 676 fata
1165 636 1439 689 fortunasque
1466 634 1708 689 principum
1727 635 1801 675 ha-

265 708 415 748 berent
434 706 481 746 in
501 720 657 756 manu,
687 706 933 760 interceptis
964 705 1248 759 uectigalibus
1279 705 1588 759 peculabantur
1615 720 1691 746 suo
1711 705 1804 746 iure

266 791 356 817 rem
375 775 593 830 publicam
605 792 617 825 ;
643 786 817 817 senatus
839 775 967 816 exilio
988 775 1172 825 Metelli,
1196 774 1470 816 damnatione
1491 774 1633 815 Rutili
1653 775 1802 816 debili—

268 853 382 888 tatus
405 860 530 887 omne
551 846 679 886 decus
699 845 934 887 maiestatis
956 845 1167 886 amiserat.
1201 845 1247 886 in
1267 846 1348 886 hoc
1369 852 1485 886 statu
1515 859 1656 885 rerum
1683 859 1806 898 pares

267 916 418 970 opibus
440 915 594 956 animis
615 916 826 970 dignitate
862 918 968 969 (una
987 915 1197 957 natalium
1218 930 1243 957 a
1262 916 1404 956 Druso
1426 914 1654 955 aemulatio
1674 915 1805 955 faces-

268 986 422 1039 sierat)
444 985 630 1039 equitem
653 986 861 1028 Seruilius
888 986 1071 1040 Caepio,
1105 992 1301 1027 senatum
1321 983 1474 1026 Liuius
1496 984 1663 1025 Drusus
1686 985 1804 1025 adse-

268 1071 371 1097 rere.
407 1055 531 1110 signa
551 1056 717 1110 aquilae
737 1063 779 1097 et
800 1056 961 1097 uexilla
981 1057 1178 1096 deerant:
1214 1062 1402 1096 ceterum
1433 1054 1493 1095 sic
1522 1054 1626 1094 urbe
1653 1053 1699 1094 in
1718 1068 1807 1094 una

269 1126 390 1179 quasi
411 1126 457 1166 in
475 1125 590 1167 binis
618 1125 765 1167 castris
787 1125 1086 1167 dissidebatur.
1119 1124 1234 1179 prior
1255 1124 1414 1178 Caepio
1441 1124 1489 1164 in
1509 1130 1708 1164 senatum
1726 1122 1805 1163 im-

1836 992 1876 1023 10

268 1203 371 1250 petu
393 1196 503 1236 facto
524 1208 616 1237 reos
638 1195 822 1237 ambitus
846 1197 1055 1237 Scaurum
1075 1202 1117 1236 et
1146 1194 1399 1248 Philippum
1418 1194 1632 1248 principes
1652 1192 1806 1234 nobili—
1869 1185 1871 1187 ¹

270 1265 368 1306 tatis
405 1266 547 1319 elegit.
597 1266 664 1308 his
694 1273 743 1307 ut
778 1265 963 1306 motibus
1000 1265 1213 1306 resisteret
1248 1265 1432 1314 Drusus,
1470 1264 1641 1318 plebem
1675 1263 1730 1303 ad
1763 1276 1808 1303 se

270 1335 532 1378 Gracchanis
563 1334 730 1388 legibus
745 1366 758 1384 ,
797 1335 1016 1388 isdemque
1051 1334 1185 1376 socios
1220 1335 1275 1375 ad
1308 1334 1477 1387 plebem
1512 1347 1586 1387 spe
1618 1332 1808 1374 ciuitatis

270 1406 415 1447 traxit.
450 1411 569 1446 extat
589 1419 676 1446 uox
695 1404 854 1458 ipsius,
878 1404 990 1445 nihil
1010 1419 1054 1445 se
1075 1405 1129 1445 ad
1155 1403 1429 1459 largitionem
1457 1403 1539 1444 ‘ulli
1567 1403 1804 1457 reliquisse,

270 1475 355 1517 nisi
376 1475 412 1516 si
433 1475 527 1529 quis
549 1481 624 1515 aut
644 1488 826 1516 caenum
846 1474 1036 1515 diuidere
1065 1474 1197 1515 uellet
1218 1481 1294 1515 aut
1323 1474 1503 1514 caelum.
1538 1474 1684 1514 aderat
1713 1486 1807 1527 pro-

270 1545 494 1600 mulgandi
515 1544 620 1594 dies,
644 1559 743 1585 cum
760 1544 901 1585 subito
923 1551 1044 1585 tanta
1060 1544 1126 1585 uis
1142 1543 1369 1585 hominum
1383 1543 1573 1597 undique
1594 1542 1807 1596 apparuit,

272 1623 320 1657 ut
340 1616 531 1657 hostium
551 1617 743 1656 aduentu
763 1616 933 1656 obsessa
962 1614 1114 1655 ciuitas
1142 1614 1372 1655 uideretur.
1407 1627 1535 1654 ausus
1565 1620 1710 1654 tamen
1738 1613 1809 1653 ob-

270 1700 418 1740 rogare
438 1685 604 1740 legibus
626 1686 776 1726 consul
799 1684 1026 1738 Philippus
1039 1716 1051 1734 ,
1076 1685 1149 1725 sed
1170 1684 1483 1738 adprehensum
1501 1683 1695 1724 faucibus
1716 1681 1806 1723 uia—

273 1764 338 1798 tor
357 1770 445 1796 non
467 1763 567 1796 ante
589 1754 752 1795 dimisit
773 1769 902 1808 quam
932 1754 1109 1809 sanguis
1137 1754 1183 1794 in
1212 1768 1259 1794 os
1289 1761 1332 1794 et
1362 1754 1506 1795 oculos
1535 1754 1807 1794 redundaret.

273 1826 333 1866 sic
353 1840 428 1879 per
451 1825 542 1865 uim
562 1825 673 1865 latae
697 1824 922 1879 iussaeque
952 1825 1082 1879 leges.
1117 1831 1160 1865 et
1188 1823 1376 1878 pretium
1404 1822 1636 1878 rogationis
1665 1822 1812 1863 statim

273 1895 377 1936 socii
397 1895 590 1949 flagitare
601 1911 613 1944 3
649 1909 747 1935 cum
766 1894 959 1948 inparem
978 1895 1171 1935 Drusum
1192 1908 1450 1948 aegrumque
1479 1907 1621 1934 rerum
1654 1899 1813 1933 temere

273 1972 487 2005 motarum
508 1971 692 2013 matura,
715 1971 764 2004 ut
784 1964 830 2004 in
851 1964 930 2005 tali
949 1963 1194 2005 discrimine
1208 1995 1220 2013 ,
1244 1978 1357 2004 mors
1379 1963 1570 2004 abstulit.
1612 1977 1691 2003 nec
1719 1962 1816 2003 ideo

274 2034 417 2075 minus
449 2033 551 2076 socii
582 2033 790 2087 promissa
820 2033 949 2074 Drusi
977 2048 1002 2073 a
1030 2034 1189 2088 populo
1220 2035 1415 2074 Romano
1442 2046 1658 2086 reposcere
1685 2030 1812 2072 armis

276 2104 546 2145 destiterunt.

283 2319 294 2349 1
318 2317 467 2362 primam
485 2316 582 2350 illius
599 2315 776 2349 flammam
793 2316 922 2361 scripsi
928 2330 940 2349 .·
965 2316 1077 2362 prima
1095 2316 1191 2350 iliius
1208 2315 1349 2349 flamma
1365 2323 1422 2349 BN
1437 2315 1447 2361 Η
1466 2314 1642 2349 sustinere
1669 2313 1711 2347 b:
1739 2324 1816 2348 sufl-

278 2373 385 2406 tineri
401 2380 459 2407 ΒΝ
473 2373 484 2419 Η
503 2375 521 2405 3
541 2372 713 2406 iudicaria
728 2380 753 2405 B
771 2372 781 2416 Η
800 2384 835 2417 g.
857 2372 1000 2418 gracchi
1016 2380 1048 2406 Ν
1063 2372 1074 2416 Η
1093 2374 1111 2405 4
1130 2371 1193 2406 sed
1218 2380 1242 2406 Β
1267 2372 1277 2417 Η
1303 2373 1323 2405 6
1351 2372 1428 2406 iure
1455 2391 1500 2396 —-
1525 2371 1633 2405 exilio
1665 2382 1721 2404 om
1752 2377 1783 2404 N
1799 2368 1812 2414 Η

280 2431 298 2461 7
317 2433 463 2462 senatus
482 2442 504 2468 ς
517 2441 528 2460 .·
553 2428 686 2473 pilatus
702 2437 728 2462 B
746 2429 756 2473 Η
774 2428 890 2462 ruttili
906 2436 939 2462 N
954 2428 964 2474 Η
984 2430 1002 2461 8
1028 2438 1154 2474 regum
1170 2436 1204 2462 Ν
1218 2428 1229 2474 Η
1247 2430 1267 2462 9
1294 2439 1366 2462 una
1382 2427 1556 2462 natalium
1573 2438 1594 2460 a
1611 2425 1814 2470 Haupbius:

280 2484 375 2517 unde
393 2488 429 2517 et
453 2483 626 2518 natalium
643 2492 685 2525 Β,
714 2484 810 2517 unde
837 2489 873 2518 et
897 2484 1070 2519 nataliuio
1087 2492 1120 2519 Ν
1134 2485 1145 2530 Η
1163 2484 1367 2519 facessierat
1388 2483 1596 2528 Hauptius:
1621 2483 1818 2516 accesserat

278 2547 338 2574 ΒΝ
353 2539 364 2584 Η
384 2542 425 2573 10
443 2539 638 2584 equitatem
654 2547 690 2580 B,
711 2542 895 2585 aequitum
919 2542 977 2584 ΝΗ
1000 2543 1036 2575 11
1067 2541 1170 2587 signa
1195 2545 1232 2575 et
1255 2540 1395 2586 aquilae
1417 2548 1451 2574 Ν
1465 2540 1476 2586 Η
1502 2539 1651 2573 aderant
1673 2545 1707 2571 N
1732 2536 1743 2581 Η
1776 2538 1816 2569 12

282 2599 409 2629 senatu
425 2603 450 2628 Β
468 2595 479 2640 Η
502 2597 538 2627 15
558 2595 743 2640 isdemque
760 2597 865 2631 sociis
881 2605 907 2631 Β
919 2623 927 2639 ,
955 2598 1089 2632 eisdem
1106 2597 1222 2631 socios
1246 2605 1279 2631 N
1294 2597 1305 2642 Η
1328 2599 1368 2631 16
1394 2595 1505 2630 traxit
1529 2591 1815 2628 Freinshemius:

278 2650 392 2686 erexit
407 2658 465 2684 ΒΝ
481 2650 492 2696 Η
510 2655 595 2684 exat
611 2659 646 2691 Β,
667 2657 785 2686 exstat
800 2661 832 2686 Ν
848 2653 858 2698 Η
880 2655 918 2687 17
937 2653 968 2688 si
985 2660 1082 2687 omN
1097 2653 1108 2699 Η
1130 2655 1169 2687 19
1185 2655 1263 2688 offis
1279 2664 1405 2698 rogare
1421 2651 1490 2686 sub
1505 2649 1691 2696 legibusB,
1712 2648 1816 2683 obro-

279 2719 363 2752 gare
387 2706 431 2740 de
449 2706 591 2751 legibus
607 2715 640 2740 N
656 2707 667 2752 Η
687 2709 725 2741 21
747 2707 873 2743 diuisit
888 2718 914 2743 Β
932 2710 943 2755 Η
962 2710 998 2744 in
1016 2721 1076 2744 ore
1094 2709 1218 2744 oculos
1232 2717 1266 2743 N
1280 2708 1291 2754 Η
1310 2711 1352 2743 22
1379 2708 1436 2743 ius
1461 2717 1573 2751 meque
1588 2713 1620 2739 N
1636 2706 1647 2751 Η
1665 2704 1728 2739 sed
1743 2712 1776 2738 N
1791 2704 1803 2749 Η

281 2762 486 2808 rogationes
503 2770 528 2796 Β
548 2761 558 2807 Η
577 2765 619 2796 23
637 2762 742 2796 sociis
766 2771 799 2796 N
814 2764 824 2808 Η
844 2776 924 2799 cum
950 2765 1093 2800 interim
1119 2765 1265 2799 drusum
1294 2764 1351 2809 ΝΗ
1371 2766 1414 2798 26
1431 2762 1648 2798 destiterunt
1662 2761 1817 2795 Momm-

282 2817 419 2852 seniue:
446 2817 631 2853 desierunt
647 2826 704 2852 ΒΝ
718 2819 728 2863 Η

1836 1340 1878 1372 15

1837 1689 1881 1721 20

1841 2038 1885 2070 25
