<?xml version="1.0" encoding="UTF-8"?>
<!DOCTYPE html PUBLIC "-//W3C//DTD XHTML 1.0 Transitional//EN"
    "http://www.w3.org/TR/xhtml1/DTD/xhtml1-transitional.dtd">
<html xmlns="http://www.w3.org/1999/xhtml" xml:lang="en" lang="en">
 <head>
  <title>
</title>
<meta http-equiv="Content-Type" content="text/html;charset=utf-8" />
  <meta name='ocr-system' content='tesseract 3.04.00' />
  <meta name='ocr-capabilities' content='ocr_page ocr_carea ocr_par ocr_line ocrx_word'/>
</head>
<body>
  <div class='ocr_page' id='page_1' title='image "./epitomaedetitol00floruoft_0036.png"; bbox 0 0 2002 3320; ppageno 0'>
   <div class='ocr_carea' id='block_1_1' title="bbox 278 246 1182 284">
    <p class='ocr_par' dir='ltr' id='par_1_1' title="bbox 278 246 1182 284">
     <span class='ocr_line' id='line_1_1' title="bbox 278 246 1182 284; baseline -0.008 0"><span class='ocrx_word' id='word_1_1' title='bbox 278 246 439 284; x_wconf 89' lang='lat' dir='ltr'>XXXII</span> <span class='ocrx_word' id='word_1_2' title='bbox 922 249 1182 279; x_wconf 74' lang='lat' dir='ltr'>PRAEFATxo.</span> 
     </span>
    </p>
   </div>
   <div class='ocr_carea' id='block_1_2' title="bbox 279 348 1836 2983">
    <p class='ocr_par' dir='ltr' id='par_1_2' title="bbox 279 348 1831 896">
     <span class='ocr_line' id='line_1_2' title="bbox 279 348 1822 410; baseline -0.005 -14"><span class='ocrx_word' id='word_1_3' title='bbox 279 369 363 410; x_wconf 88' lang='lat' dir='ltr'>quu</span> <span class='ocrx_word' id='word_1_4' title='bbox 383 354 428 394; x_wconf 91' lang='lat' dir='ltr'>in</span> <span class='ocrx_word' id='word_1_5' title='bbox 450 351 676 405; x_wconf 87' lang='lat' dir='ltr'>archetypo</span> <span class='ocrx_word' id='word_1_6' title='bbox 697 364 774 391; x_wconf 88' lang='lat' dir='ltr'>suo</span> <span class='ocrx_word' id='word_1_7' title='bbox 794 348 963 390; x_wconf 89' lang='lat' dir='ltr'>inuenit</span> <span class='ocrx_word' id='word_1_8' title='bbox 983 364 1057 399; x_wconf 83' lang='lat' dir='ltr'>cu,</span> <span class='ocrx_word' id='word_1_9' title='bbox 1091 356 1142 390; x_wconf 92' lang='lat' dir='ltr'>ut</span> <span class='ocrx_word' id='word_1_10' title='bbox 1170 350 1464 390; x_wconf 85' lang='lat' dir='ltr'>demonstrant</span> <span class='ocrx_word' id='word_1_11' title='bbox 1485 354 1682 391; x_wconf 87' lang='lat' dir='ltr'><em>secuntur</em></span> <span class='ocrx_word' id='word_1_12' title='bbox 1701 363 1730 403; x_wconf 99' lang='grc' dir='ltr'><strong><em>Ρ</em></strong></span> <span class='ocrx_word' id='word_1_13' title='bbox 1753 352 1822 399; x_wconf 88' lang='grc'>46,</span> 
     </span>
     <span class='ocr_line' id='line_1_3' title="bbox 280 418 1828 475; baseline -0.003 -11"><span class='ocrx_word' id='word_1_14' title='bbox 280 429 351 473; x_wconf 86' lang='grc'>20,</span> <span class='ocrx_word' id='word_1_15' title='bbox 374 422 530 463; x_wconf 75' lang='lat' dir='ltr'><em>oblicus</em></span> <span class='ocrx_word' id='word_1_16' title='bbox 550 435 579 475; x_wconf 93' lang='grc' dir='ltr'><strong><em>Ρ</em></strong></span> <span class='ocrx_word' id='word_1_17' title='bbox 601 425 670 470; x_wconf 87' lang='grc'>95,</span> <span class='ocrx_word' id='word_1_18' title='bbox 700 423 766 469; x_wconf 85' lang='grc'>15,</span> <span class='ocrx_word' id='word_1_19' title='bbox 800 434 915 460; x_wconf 83' lang='lat' dir='ltr'>ecum</span> <span class='ocrx_word' id='word_1_20' title='bbox 935 426 984 460; x_wconf 91' lang='lat' dir='ltr'>ut</span> <span class='ocrx_word' id='word_1_21' title='bbox 1006 434 1028 459; x_wconf 91' lang='lat' dir='ltr'>e</span> <span class='ocrx_word' id='word_1_22' title='bbox 1048 418 1242 473; x_wconf 85' lang='lat' dir='ltr'>uestigiis</span> <span class='ocrx_word' id='word_1_23' title='bbox 1273 426 1447 474; x_wconf 86' lang='lat' dir='ltr'>apparet</span> <span class='ocrx_word' id='word_1_24' title='bbox 1474 433 1503 474; x_wconf 96' lang='lat' dir='ltr'>p</span> <span class='ocrx_word' id='word_1_25' title='bbox 1527 423 1604 469; x_wconf 85' lang='lat'>74,</span> <span class='ocrx_word' id='word_1_26' title='bbox 1634 425 1670 460; x_wconf 91' lang='grc'>1.</span> <span class='ocrx_word' id='word_1_27' title='bbox 1703 418 1750 459; x_wconf 93' lang='lat' dir='ltr'>in</span> <span class='ocrx_word' id='word_1_28' title='bbox 1778 433 1828 459; x_wconf 93' lang='lat' dir='ltr'>eo</span> 
     </span>
     <span class='ocr_line' id='line_1_4' title="bbox 280 488 1827 543; baseline -0.003 -10"><span class='ocrx_word' id='word_1_29' title='bbox 280 494 388 533; x_wconf 88' lang='lat' dir='ltr'>libro</span> <span class='ocrx_word' id='word_1_30' title='bbox 408 493 523 532; x_wconf 90' lang='lat' dir='ltr'>unde</span> <span class='ocrx_word' id='word_1_31' title='bbox 543 496 582 531; x_wconf 92' lang='lat' dir='ltr'><em>B</em></span> <span class='ocrx_word' id='word_1_32' title='bbox 605 489 821 531; x_wconf 90' lang='lat' dir='ltr'>deriuatus</span> <span class='ocrx_word' id='word_1_33' title='bbox 843 495 908 530; x_wconf 88' lang='lat' dir='ltr'>est</span> <span class='ocrx_word' id='word_1_34' title='bbox 927 489 1068 543; x_wconf 89' lang='lat' dir='ltr'>potius</span> <span class='ocrx_word' id='word_1_35' title='bbox 1099 503 1178 543; x_wconf 88' lang='lat' dir='ltr'>quo</span> <span class='ocrx_word' id='word_1_36' title='bbox 1209 488 1413 543; x_wconf 85' lang='lat' dir='ltr'>scriptum</span> <span class='ocrx_word' id='word_1_37' title='bbox 1439 490 1568 531; x_wconf 88' lang='lat' dir='ltr'>fuisse</span> <span class='ocrx_word' id='word_1_38' title='bbox 1597 489 1698 530; x_wconf 89' lang='lat' dir='ltr'>inde</span> <span class='ocrx_word' id='word_1_39' title='bbox 1729 503 1827 530; x_wconf 89' lang='lat' dir='ltr'>con-</span> 
     </span>
     <span class='ocr_line' id='line_1_5' title="bbox 281 558 1827 615; baseline -0.002 -13"><span class='ocrx_word' id='word_1_40' title='bbox 281 562 426 602; x_wconf 91' lang='lat' dir='ltr'>cludas</span> <span class='ocrx_word' id='word_1_41' title='bbox 458 562 570 615; x_wconf 90' lang='lat' dir='ltr'>quod</span> <span class='ocrx_word' id='word_1_42' title='bbox 598 574 627 614; x_wconf 95' lang='grc' dir='ltr'><strong><em>Ρ</em></strong></span> <span class='ocrx_word' id='word_1_43' title='bbox 653 565 719 610; x_wconf 92' lang='grc'>10,</span> <span class='ocrx_word' id='word_1_44' title='bbox 746 563 796 600; x_wconf 89' lang='lat'>30</span> <span class='ocrx_word' id='word_1_45' title='bbox 819 574 897 613; x_wconf 91' lang='lat' dir='ltr'>quo</span> <span class='ocrx_word' id='word_1_46' title='bbox 918 573 993 612; x_wconf 89' lang='lat' dir='ltr'>pro</span> <span class='ocrx_word' id='word_1_47' title='bbox 1014 558 1125 612; x_wconf 89' lang='lat' dir='ltr'><em>quoi,</em></span> <span class='ocrx_word' id='word_1_48' title='bbox 1149 572 1178 611; x_wconf 92' lang='lat' dir='ltr'>p</span> <span class='ocrx_word' id='word_1_49' title='bbox 1192 563 1259 607; x_wconf 89' lang='lat'>71,</span> <span class='ocrx_word' id='word_1_50' title='bbox 1286 563 1337 599; x_wconf 81' lang='grc'>26</span> <span class='ocrx_word' id='word_1_51' title='bbox 1360 561 1557 613; x_wconf 87' lang='lat' dir='ltr'><em>quodtam</em></span> <span class='ocrx_word' id='word_1_52' title='bbox 1577 574 1653 613; x_wconf 93' lang='lat' dir='ltr'>pro</span> <span class='ocrx_word' id='word_1_53' title='bbox 1675 564 1827 600; x_wconf 84' lang='lat' dir='ltr'><em>cottam</em></span> 
     </span>
     <span class='ocr_line' id='line_1_6' title="bbox 281 628 1825 684; baseline -0.002 -12"><span class='ocrx_word' id='word_1_54' title='bbox 281 632 410 672; x_wconf 90' lang='lat' dir='ltr'>habet</span> <span class='ocrx_word' id='word_1_55' title='bbox 422 648 434 680; x_wconf 83' lang='lat'>3</span> <span class='ocrx_word' id='word_1_56' title='bbox 467 637 655 671; x_wconf 88' lang='lat' dir='ltr'>ceterum</span> <span class='ocrx_word' id='word_1_57' title='bbox 674 629 721 670; x_wconf 92' lang='lat' dir='ltr'>in</span> <span class='ocrx_word' id='word_1_58' title='bbox 741 634 779 669; x_wconf 92' lang='lat' dir='ltr'><em>B</em></span> <span class='ocrx_word' id='word_1_59' title='bbox 798 629 884 669; x_wconf 88' lang='lat' dir='ltr'>fere</span> <span class='ocrx_word' id='word_1_60' title='bbox 905 643 990 684; x_wconf 89' lang='lat' dir='ltr'>quu</span> <span class='ocrx_word' id='word_1_61' title='bbox 1011 628 1230 677; x_wconf 82' lang='lat' dir='ltr'>scribitur,</span> <span class='ocrx_word' id='word_1_62' title='bbox 1260 634 1309 668; x_wconf 89' lang='lat' dir='ltr'>ut</span> <span class='ocrx_word' id='word_1_63' title='bbox 1329 629 1588 683; x_wconf 90' lang='lat' dir='ltr'><em>alloquutus,</em></span> <span class='ocrx_word' id='word_1_64' title='bbox 1613 633 1825 682; x_wconf 85' lang='lat' dir='ltr'><em>sequutus,</em></span> 
     </span>
     <span class='ocr_line' id='line_1_7' title="bbox 285 697 1829 754; baseline -0.003 -12"><span class='ocrx_word' id='word_1_65' title='bbox 285 709 327 742; x_wconf 89' lang='lat' dir='ltr'>et</span> <span class='ocrx_word' id='word_1_66' title='bbox 348 715 442 742; x_wconf 86' lang='lat' dir='ltr'><em>eum</em></span> <span class='ocrx_word' id='word_1_67' title='bbox 463 714 586 754; x_wconf 87' lang='lat' dir='ltr'>saepe</span> <span class='ocrx_word' id='word_1_68' title='bbox 606 699 653 740; x_wconf 90' lang='lat' dir='ltr'>in</span> <span class='ocrx_word' id='word_1_69' title='bbox 674 713 801 754; x_wconf 90' lang='lat' dir='ltr'><em>quum</em></span> <span class='ocrx_word' id='word_1_70' title='bbox 821 705 1038 739; x_wconf 90' lang='lat' dir='ltr'>mutatum</span> <span class='ocrx_word' id='word_1_71' title='bbox 1054 704 1131 738; x_wconf 89' lang='lat' dir='ltr'>est.</span> <span class='ocrx_word' id='word_1_72' title='bbox 1169 698 1318 738; x_wconf 86' lang='lat' dir='ltr'>eodem</span> <span class='ocrx_word' id='word_1_73' title='bbox 1335 698 1519 751; x_wconf 83' lang='lat' dir='ltr'>pertinet</span> <span class='ocrx_word' id='word_1_74' title='bbox 1539 699 1651 752; x_wconf 91' lang='lat' dir='ltr'>quod</span> <span class='ocrx_word' id='word_1_75' title='bbox 1672 703 1711 738; x_wconf 94' lang='lat' dir='ltr'><em>B</em></span> <span class='ocrx_word' id='word_1_76' title='bbox 1729 697 1829 739; x_wconf 88' lang='lat' dir='ltr'>scri-</span> 
     </span>
     <span class='ocr_line' id='line_1_8' title="bbox 283 767 1831 824; baseline -0.002 -13"><span class='ocrx_word' id='word_1_77' title='bbox 283 771 348 811; x_wconf 86' lang='lat' dir='ltr'>bit</span> <span class='ocrx_word' id='word_1_78' title='bbox 369 769 594 824; x_wconf 80' lang='lat' dir='ltr'><em>quottidie,</em></span> <span class='ocrx_word' id='word_1_79' title='bbox 633 773 683 810; x_wconf 92' lang='lat' dir='ltr'><em>N</em></span> <span class='ocrx_word' id='word_1_80' title='bbox 697 783 798 809; x_wconf 88' lang='lat' dir='ltr'>uero</span> <span class='ocrx_word' id='word_1_81' title='bbox 819 768 993 818; x_wconf 79' lang='lat' dir='ltr'><em>cotidie,</em></span> <span class='ocrx_word' id='word_1_82' title='bbox 1033 773 1210 821; x_wconf 87' lang='lat' dir='ltr'>uterque</span> <span class='ocrx_word' id='word_1_83' title='bbox 1246 773 1389 807; x_wconf 90' lang='lat' dir='ltr'>autem</span> <span class='ocrx_word' id='word_1_84' title='bbox 1423 767 1672 809; x_wconf 86' lang='lat' dir='ltr'><em>cotidianus.</em></span> <span class='ocrx_word' id='word_1_85' title='bbox 1727 767 1831 822; x_wconf 91' lang='lat' dir='ltr'>quid</span> 
     </span>
     <span class='ocr_line' id='line_1_9' title="bbox 285 837 1153 896; baseline -0.006 -14"><span class='ocrx_word' id='word_1_86' title='bbox 285 842 399 896; x_wconf 89' lang='lat' dir='ltr'>quod</span> <span class='ocrx_word' id='word_1_87' title='bbox 418 844 466 881; x_wconf 91' lang='lat' dir='ltr'><em>N</em></span> <span class='ocrx_word' id='word_1_88' title='bbox 474 837 755 895; x_wconf 78' lang='lat' dir='ltr'><em>Esquilinam</em></span> <span class='ocrx_word' id='word_1_89' title='bbox 776 837 879 879; x_wconf 90' lang='lat' dir='ltr'>dicit</span> <span class='ocrx_word' id='word_1_90' title='bbox 899 837 1153 878; x_wconf 83' lang='lat' dir='ltr'><em>Eseilinam.</em></span> 
     </span>
    </p>

    <p class='ocr_par' dir='ltr' id='par_1_3' title="bbox 285 905 1836 2068">
     <span class='ocr_line' id='line_1_10' title="bbox 396 905 1832 964; baseline -0.001 -13"><span class='ocrx_word' id='word_1_91' title='bbox 396 912 558 964; x_wconf 87' lang='lat' dir='ltr'>Magna</span> <span class='ocrx_word' id='word_1_92' title='bbox 577 908 762 949; x_wconf 89' lang='lat' dir='ltr'>uarietas</span> <span class='ocrx_word' id='word_1_93' title='bbox 783 914 908 962; x_wconf 87' lang='lat' dir='ltr'>atque</span> <span class='ocrx_word' id='word_1_94' title='bbox 928 907 1102 948; x_wconf 91' lang='lat' dir='ltr'>licentia</span> <span class='ocrx_word' id='word_1_95' title='bbox 1121 906 1168 947; x_wconf 80' lang='lat' dir='ltr'>in</span> <span class='ocrx_word' id='word_1_96' title='bbox 1189 905 1443 960; x_wconf 84' lang='lat' dir='ltr'>aspiratione</span> <span class='ocrx_word' id='word_1_97' title='bbox 1464 906 1535 947; x_wconf 85' lang='lat' dir='ltr'>uel</span> <span class='ocrx_word' id='word_1_98' title='bbox 1550 908 1747 961; x_wconf 87' lang='lat' dir='ltr'>ponenda</span> <span class='ocrx_word' id='word_1_99' title='bbox 1762 908 1832 949; x_wconf 89' lang='lat' dir='ltr'>uel</span> 
     </span>
     <span class='ocr_line' id='line_1_11' title="bbox 286 976 1832 1032; baseline -0.003 -10"><span class='ocrx_word' id='word_1_100' title='bbox 286 981 522 1023; x_wconf 90' lang='lat' dir='ltr'>omittenda</span> <span class='ocrx_word' id='word_1_101' title='bbox 541 979 588 1019; x_wconf 91' lang='lat' dir='ltr'>in</span> <span class='ocrx_word' id='word_1_102' title='bbox 616 983 654 1019; x_wconf 92' lang='lat' dir='ltr'><em>B</em></span> <span class='ocrx_word' id='word_1_103' title='bbox 682 977 952 1032; x_wconf 86' lang='lat' dir='ltr'>potissimum</span> <span class='ocrx_word' id='word_1_104' title='bbox 982 983 1060 1018; x_wconf 89' lang='lat' dir='ltr'>est.</span> <span class='ocrx_word' id='word_1_105' title='bbox 1092 976 1288 1018; x_wconf 78' lang='lat' dir='ltr'><em>Annibal</em></span> <span class='ocrx_word' id='word_1_106' title='bbox 1318 976 1540 1030; x_wconf 84' lang='lat' dir='ltr'>perpaucis</span> <span class='ocrx_word' id='word_1_107' title='bbox 1571 976 1691 1027; x_wconf 88' lang='lat' dir='ltr'>locis,</span> <span class='ocrx_word' id='word_1_108' title='bbox 1727 991 1832 1031; x_wconf 82' lang='lat' dir='ltr'>quos</span> 
     </span>
     <span class='ocr_line' id='line_1_12' title="bbox 286 1045 1833 1102; baseline -0.003 -10"><span class='ocrx_word' id='word_1_109' title='bbox 286 1052 488 1092; x_wconf 85' lang='lat' dir='ltr'>adnotare</span> <span class='ocrx_word' id='word_1_110' title='bbox 510 1061 874 1102; x_wconf 84' lang='lat' dir='ltr'>superuacaneum</span> <span class='ocrx_word' id='word_1_111' title='bbox 894 1045 1012 1095; x_wconf 78' lang='lat' dir='ltr'>duxi,</span> <span class='ocrx_word' id='word_1_112' title='bbox 1038 1045 1224 1100; x_wconf 87' lang='lat' dir='ltr'>exceptis</span> <span class='ocrx_word' id='word_1_113' title='bbox 1256 1060 1419 1099; x_wconf 84' lang='lat' dir='ltr'>semper</span> <span class='ocrx_word' id='word_1_114' title='bbox 1446 1045 1492 1086; x_wconf 90' lang='lat' dir='ltr'>in</span> <span class='ocrx_word' id='word_1_115' title='bbox 1514 1051 1553 1087; x_wconf 93' lang='lat' dir='ltr'><em>B</em></span> <span class='ocrx_word' id='word_1_116' title='bbox 1572 1046 1769 1087; x_wconf 85' lang='lat' dir='ltr'>scribitur</span> <span class='ocrx_word' id='word_1_117' title='bbox 1790 1053 1833 1088; x_wconf 90' lang='lat' dir='ltr'><em>et</em></span> 
     </span>
     <span class='ocr_line' id='line_1_13' title="bbox 285 1116 1832 1171; baseline -0.004 -9"><span class='ocrx_word' id='word_1_118' title='bbox 285 1123 428 1170; x_wconf 73' lang='lat' dir='ltr'><em>Anno,</em></span> <span class='ocrx_word' id='word_1_119' title='bbox 445 1117 799 1166; x_wconf 89' lang='lat' dir='ltr'>sedHasdrubal‚·</span> <span class='ocrx_word' id='word_1_120' title='bbox 823 1124 948 1171; x_wconf 88' lang='lat' dir='ltr'>atque</span> <span class='ocrx_word' id='word_1_121' title='bbox 970 1116 1022 1156; x_wconf 82' lang='lat' dir='ltr'>ab</span> <span class='ocrx_word' id='word_1_122' title='bbox 1045 1116 1179 1156; x_wconf 84' lang='lat' dir='ltr'>amico</span> <span class='ocrx_word' id='word_1_123' title='bbox 1200 1117 1384 1169; x_wconf 89' lang='lat' dir='ltr'>quodam</span> <span class='ocrx_word' id='word_1_124' title='bbox 1405 1116 1578 1157; x_wconf 86' lang='lat' dir='ltr'>edoctus</span> <span class='ocrx_word' id='word_1_125' title='bbox 1591 1130 1685 1157; x_wconf 91' lang='lat' dir='ltr'>sum</span> <span class='ocrx_word' id='word_1_126' title='bbox 1694 1116 1832 1157; x_wconf 92' lang='lat' dir='ltr'>Anni-</span> 
     </span>
     <span class='ocr_line' id='line_1_14' title="bbox 285 1185 1833 1243; baseline -0.003 -12"><span class='ocrx_word' id='word_1_127' title='bbox 285 1190 394 1232; x_wconf 90' lang='lat' dir='ltr'>balis</span> <span class='ocrx_word' id='word_1_128' title='bbox 415 1196 543 1243; x_wconf 89' lang='lat' dir='ltr'>atque</span> <span class='ocrx_word' id='word_1_129' title='bbox 563 1186 850 1229; x_wconf 87' lang='lat' dir='ltr'>Hasdrubalis</span> <span class='ocrx_word' id='word_1_130' title='bbox 873 1185 1038 1227; x_wconf 89' lang='lat' dir='ltr'>Punica</span> <span class='ocrx_word' id='word_1_131' title='bbox 1057 1185 1233 1226; x_wconf 90' lang='lat' dir='ltr'>nomina</span> <span class='ocrx_word' id='word_1_132' title='bbox 1254 1185 1440 1226; x_wconf 83' lang='lat' dir='ltr'>alitteris</span> <span class='ocrx_word' id='word_1_133' title='bbox 1458 1185 1571 1226; x_wconf 90' lang='lat' dir='ltr'>inter</span> <span class='ocrx_word' id='word_1_134' title='bbox 1591 1200 1634 1226; x_wconf 89' lang='lat' dir='ltr'>se</span> <span class='ocrx_word' id='word_1_135' title='bbox 1654 1185 1833 1227; x_wconf 86' lang='lat' dir='ltr'>diuersis</span> 
     </span>
     <span class='ocr_line' id='line_1_15' title="bbox 286 1255 1834 1314; baseline -0.004 -14"><span class='ocrx_word' id='word_1_136' title='bbox 286 1260 487 1314; x_wconf 89' lang='lat' dir='ltr'>incipere.</span> <span class='ocrx_word' id='word_1_137' title='bbox 520 1262 571 1300; x_wconf 95' lang='lat' dir='ltr'><em>N</em></span> <span class='ocrx_word' id='word_1_138' title='bbox 584 1268 685 1298; x_wconf 86' lang='lat' dir='ltr'>uero</span> <span class='ocrx_word' id='word_1_139' title='bbox 705 1255 952 1305; x_wconf 82' lang='lat' dir='ltr'><em>Hannibal,</em></span> <span class='ocrx_word' id='word_1_140' title='bbox 975 1256 1152 1305; x_wconf 74' lang='lat' dir='ltr'>Hanno,</span> <span class='ocrx_word' id='word_1_141' title='bbox 1176 1255 1435 1296; x_wconf 77' lang='lat' dir='ltr'><em>Hasdrubal</em></span> <span class='ocrx_word' id='word_1_142' title='bbox 1452 1255 1595 1295; x_wconf 90' lang='lat' dir='ltr'>habet.</span> <span class='ocrx_word' id='word_1_143' title='bbox 1629 1262 1678 1295; x_wconf 90' lang='lat' dir='ltr'>ut</span> <span class='ocrx_word' id='word_1_144' title='bbox 1697 1269 1834 1309; x_wconf 79' lang='lat' dir='ltr'>pauca</span> 
     </span>
     <span class='ocr_line' id='line_1_16' title="bbox 287 1324 1833 1384; baseline -0.003 -14"><span class='ocrx_word' id='word_1_145' title='bbox 287 1331 497 1384; x_wconf 84' lang='lat' dir='ltr'>quaedam</span> <span class='ocrx_word' id='word_1_146' title='bbox 517 1327 711 1381; x_wconf 87' lang='lat' dir='ltr'>exempla</span> <span class='ocrx_word' id='word_1_147' title='bbox 731 1326 918 1366; x_wconf 88' lang='lat' dir='ltr'>adferam</span> <span class='ocrx_word' id='word_1_148' title='bbox 931 1357 943 1374; x_wconf 92' lang='lat'><em>,</em></span> <span class='ocrx_word' id='word_1_149' title='bbox 975 1325 1055 1365; x_wconf 79' lang='lat' dir='ltr'>bac</span> <span class='ocrx_word' id='word_1_150' title='bbox 1073 1340 1148 1379; x_wconf 89' lang='lat' dir='ltr'>pro</span> <span class='ocrx_word' id='word_1_151' title='bbox 1170 1340 1219 1366; x_wconf 91' lang='lat' dir='ltr'>eo</span> <span class='ocrx_word' id='word_1_152' title='bbox 1240 1326 1352 1379; x_wconf 90' lang='lat' dir='ltr'>quod</span> <span class='ocrx_word' id='word_1_153' title='bbox 1374 1331 1438 1366; x_wconf 87' lang='lat' dir='ltr'>est</span> <span class='ocrx_word' id='word_1_154' title='bbox 1458 1340 1509 1366; x_wconf 85' lang='lat' dir='ltr'>ae</span> <span class='ocrx_word' id='word_1_155' title='bbox 1529 1324 1833 1379; x_wconf 86' lang='lat' dir='ltr'>saepissimime</span> 
     </span>
     <span class='ocr_line' id='line_1_17' title="bbox 287 1393 1829 1450; baseline -0.003 -10"><span class='ocrx_word' id='word_1_156' title='bbox 287 1399 433 1440; x_wconf 87' lang='lat' dir='ltr'>scribit</span> <span class='ocrx_word' id='word_1_157' title='bbox 460 1404 520 1448; x_wconf 92' lang='lat' dir='ltr'>B,</span> <span class='ocrx_word' id='word_1_158' title='bbox 563 1398 678 1437; x_wconf 90' lang='lat' dir='ltr'>unde</span> <span class='ocrx_word' id='word_1_159' title='bbox 705 1411 734 1450; x_wconf 92' lang='grc' dir='ltr'><strong><em>Ρ</em></strong></span> <span class='ocrx_word' id='word_1_160' title='bbox 757 1399 825 1444; x_wconf 84' lang='grc'>69,</span> <span class='ocrx_word' id='word_1_161' title='bbox 851 1398 903 1435; x_wconf 84' lang='grc'>26</span> <span class='ocrx_word' id='word_1_162' title='bbox 925 1394 1005 1435; x_wconf 75' lang='lat' dir='ltr'>hac</span> <span class='ocrx_word' id='word_1_163' title='bbox 1034 1393 1270 1435; x_wconf 77' lang='lat' dir='ltr'><em>nominibus</em></span> <span class='ocrx_word' id='word_1_164' title='bbox 1292 1401 1409 1435; x_wconf 84' lang='lat' dir='ltr'>extat</span> <span class='ocrx_word' id='word_1_165' title='bbox 1428 1409 1504 1448; x_wconf 89' lang='lat' dir='ltr'>pro</span> <span class='ocrx_word' id='word_1_166' title='bbox 1525 1394 1829 1449; x_wconf 75' lang='lat' dir='ltr'><em>aqnominibus,</em></span> 
     </span>
     <span class='ocr_line' id='line_1_18' title="bbox 285 1464 1829 1518; baseline -0.002 -10"><span class='ocrx_word' id='word_1_167' title='bbox 285 1468 361 1509; x_wconf 90' lang='lat' dir='ltr'>ubi</span> <span class='ocrx_word' id='word_1_168' title='bbox 380 1472 430 1509; x_wconf 94' lang='lat' dir='ltr'><em>N</em></span> <span class='ocrx_word' id='word_1_169' title='bbox 445 1467 598 1509; x_wconf 89' lang='lat' dir='ltr'>omisso</span> <span class='ocrx_word' id='word_1_170' title='bbox 619 1467 714 1515; x_wconf 77' lang='lat' dir='ltr'><em>bae,</em></span> <span class='ocrx_word' id='word_1_171' title='bbox 738 1466 851 1518; x_wconf 92' lang='lat' dir='ltr'>quod</span> <span class='ocrx_word' id='word_1_172' title='bbox 871 1479 1042 1504; x_wconf 90' lang='lat' dir='ltr'>sensum</span> <span class='ocrx_word' id='word_1_173' title='bbox 1062 1479 1149 1504; x_wconf 92' lang='lat' dir='ltr'>non</span> <span class='ocrx_word' id='word_1_174' title='bbox 1170 1464 1368 1514; x_wconf 91' lang='lat' dir='ltr'>habebat,</span> <span class='ocrx_word' id='word_1_175' title='bbox 1393 1464 1628 1505; x_wconf 86' lang='lat' dir='ltr'><em>nominibus</em></span> <span class='ocrx_word' id='word_1_176' title='bbox 1649 1464 1829 1518; x_wconf 83' lang='lat' dir='ltr'>scripsit.</span> 
     </span>
     <span class='ocr_line' id='line_1_19' title="bbox 287 1533 1834 1589; baseline -0.002 -11"><span class='ocrx_word' id='word_1_177' title='bbox 287 1545 330 1579; x_wconf 93' lang='lat' dir='ltr'><em>et</em></span> <span class='ocrx_word' id='word_1_178' title='bbox 350 1537 396 1578; x_wconf 92' lang='lat' dir='ltr'>in</span> <span class='ocrx_word' id='word_1_179' title='bbox 417 1537 664 1578; x_wconf 78' lang='lat' dir='ltr'><em>habundare</em></span> <span class='ocrx_word' id='word_1_180' title='bbox 681 1541 858 1588; x_wconf 87' lang='lat' dir='ltr'>uterque</span> <span class='ocrx_word' id='word_1_181' title='bbox 879 1533 1093 1574; x_wconf 83' lang='lat' dir='ltr'>consentit</span> <span class='ocrx_word' id='word_1_182' title='bbox 1104 1550 1115 1583; x_wconf 82' lang='lat'>3</span> <span class='ocrx_word' id='word_1_183' title='bbox 1141 1533 1358 1589; x_wconf 75' lang='lat' dir='ltr'><em>haqmina,</em></span> <span class='ocrx_word' id='word_1_184' title='bbox 1383 1533 1715 1586; x_wconf 75' lang='lat' dir='ltr'><em>hasperrimum,</em></span> <span class='ocrx_word' id='word_1_185' title='bbox 1740 1534 1834 1575; x_wconf 77' lang='lat' dir='ltr'><em>hoe-</em></span> 
     </span>
     <span class='ocr_line' id='line_1_20' title="bbox 288 1602 1835 1659; baseline -0.002 -11"><span class='ocrx_word' id='word_1_186' title='bbox 288 1607 400 1648; x_wconf 84' lang='lat' dir='ltr'>casio</span> <span class='ocrx_word' id='word_1_187' title='bbox 414 1639 427 1657; x_wconf 98' lang='lat'><em>,</em></span> <span class='ocrx_word' id='word_1_188' title='bbox 451 1606 646 1655; x_wconf 75' lang='lat' dir='ltr'><em>hodium,</em></span> <span class='ocrx_word' id='word_1_189' title='bbox 671 1603 934 1659; x_wconf 78' lang='lat' dir='ltr'><em>bopulentia,</em></span> <span class='ocrx_word' id='word_1_190' title='bbox 961 1602 1204 1645; x_wconf 78' lang='lat' dir='ltr'>hostendere</span> <span class='ocrx_word' id='word_1_191' title='bbox 1223 1603 1270 1644; x_wconf 91' lang='lat' dir='ltr'>in</span> <span class='ocrx_word' id='word_1_192' title='bbox 1291 1604 1379 1645; x_wconf 88' lang='lat' dir='ltr'>solo</span> <span class='ocrx_word' id='word_1_193' title='bbox 1400 1602 1702 1653; x_wconf 81' lang='lat' dir='ltr'>Binuenitur,</span> <span class='ocrx_word' id='word_1_194' title='bbox 1737 1618 1835 1645; x_wconf 91' lang='lat' dir='ltr'>cum</span> 
     </span>
     <span class='ocr_line' id='line_1_21' title="bbox 287 1673 1830 1731; baseline -0.003 -12"><span class='ocrx_word' id='word_1_195' title='bbox 287 1682 337 1719; x_wconf 93' lang='lat' dir='ltr'><em>N</em></span> <span class='ocrx_word' id='word_1_196' title='bbox 351 1676 521 1731; x_wconf 88' lang='lat' dir='ltr'>propria</span> <span class='ocrx_word' id='word_1_197' title='bbox 541 1675 627 1717; x_wconf 88' lang='lat' dir='ltr'>sint</span> <span class='ocrx_word' id='word_1_198' title='bbox 646 1674 764 1724; x_wconf 78' lang='lat' dir='ltr'><em>brea,</em></span> <span class='ocrx_word' id='word_1_199' title='bbox 788 1673 958 1715; x_wconf 79' lang='lat' dir='ltr'><em>hrenus.</em></span> <span class='ocrx_word' id='word_1_200' title='bbox 1002 1681 1149 1714; x_wconf 87' lang='lat' dir='ltr'>contra</span> <span class='ocrx_word' id='word_1_201' title='bbox 1177 1688 1298 1715; x_wconf 89' lang='lat' dir='ltr'><em>umor</em></span> <span class='ocrx_word' id='word_1_202' title='bbox 1325 1680 1436 1714; x_wconf 91' lang='lat' dir='ltr'>recte</span> <span class='ocrx_word' id='word_1_203' title='bbox 1456 1680 1635 1727; x_wconf 87' lang='lat' dir='ltr'>uterque</span> <span class='ocrx_word' id='word_1_204' title='bbox 1655 1673 1830 1724; x_wconf 86' lang='lat' dir='ltr'>habent,</span> 
     </span>
     <span class='ocr_line' id='line_1_22' title="bbox 288 1742 1835 1796; baseline -0.003 -8"><span class='ocrx_word' id='word_1_205' title='bbox 288 1761 432 1788; x_wconf 85' lang='lat' dir='ltr'><em>umens</em></span> <span class='ocrx_word' id='word_1_206' title='bbox 472 1753 514 1786; x_wconf 90' lang='lat' dir='ltr'><em>et</em></span> <span class='ocrx_word' id='word_1_207' title='bbox 534 1758 701 1786; x_wconf 88' lang='lat' dir='ltr'><em>umerus</em></span> <span class='ocrx_word' id='word_1_208' title='bbox 722 1758 744 1784; x_wconf 90' lang='lat' dir='ltr'>e</span> <span class='ocrx_word' id='word_1_209' title='bbox 766 1744 854 1784; x_wconf 88' lang='lat' dir='ltr'>solo</span> <span class='ocrx_word' id='word_1_210' title='bbox 874 1747 934 1792; x_wconf 91' lang='lat' dir='ltr'>N,</span> <span class='ocrx_word' id='word_1_211' title='bbox 958 1743 1068 1784; x_wconf 88' lang='lat' dir='ltr'>sicut</span> <span class='ocrx_word' id='word_1_212' title='bbox 1087 1743 1282 1793; x_wconf 87' lang='lat' dir='ltr'><em>orribile,</em></span> <span class='ocrx_word' id='word_1_213' title='bbox 1308 1757 1453 1784; x_wconf 87' lang='lat' dir='ltr'><em>orrens</em></span> <span class='ocrx_word' id='word_1_214' title='bbox 1474 1757 1496 1783; x_wconf 86' lang='lat' dir='ltr'>e</span> <span class='ocrx_word' id='word_1_215' title='bbox 1516 1748 1555 1783; x_wconf 93' lang='lat' dir='ltr'><em>B</em></span> <span class='ocrx_word' id='word_1_216' title='bbox 1575 1742 1736 1796; x_wconf 87' lang='lat' dir='ltr'>scripsi.</span> <span class='ocrx_word' id='word_1_217' title='bbox 1761 1745 1835 1784; x_wconf 88' lang='lat' dir='ltr'>sed</span> 
     </span>
     <span class='ocr_line' id='line_1_23' title="bbox 289 1812 1835 1868; baseline -0.002 -10"><span class='ocrx_word' id='word_1_218' title='bbox 289 1822 409 1866; x_wconf 82' lang='lat' dir='ltr'><em>asta,</em></span> <span class='ocrx_word' id='word_1_219' title='bbox 442 1814 602 1856; x_wconf 88' lang='lat' dir='ltr'><em>oratius</em></span> <span class='ocrx_word' id='word_1_220' title='bbox 622 1820 800 1868; x_wconf 88' lang='lat' dir='ltr'>uterque</span> <span class='ocrx_word' id='word_1_221' title='bbox 820 1813 973 1863; x_wconf 83' lang='lat' dir='ltr'>habet,</span> <span class='ocrx_word' id='word_1_222' title='bbox 998 1813 1130 1863; x_wconf 89' lang='lat' dir='ltr'><em>abuit,</em></span> <span class='ocrx_word' id='word_1_223' title='bbox 1154 1812 1336 1854; x_wconf 84' lang='lat' dir='ltr'><em>ereditas</em></span> <span class='ocrx_word' id='word_1_224' title='bbox 1356 1818 1415 1863; x_wconf 93' lang='lat' dir='ltr'>B,</span> <span class='ocrx_word' id='word_1_225' title='bbox 1450 1812 1588 1854; x_wconf 85' lang='lat' dir='ltr'><em>ortari</em></span> <span class='ocrx_word' id='word_1_226' title='bbox 1605 1817 1655 1854; x_wconf 93' lang='lat' dir='ltr'><em>N</em></span> <span class='ocrx_word' id='word_1_227' title='bbox 1659 1829 1671 1863; x_wconf 82' lang='lat'>3</span> <span class='ocrx_word' id='word_1_228' title='bbox 1690 1827 1835 1855; x_wconf 88' lang='lat' dir='ltr'>rursus</span> 
     </span>
     <span class='ocr_line' id='line_1_24' title="bbox 290 1882 1836 1940; baseline -0.002 -13"><span class='ocrx_word' id='word_1_229' title='bbox 290 1885 578 1940; x_wconf 86' lang='lat' dir='ltr'><em>eonpreensis,</em></span> <span class='ocrx_word' id='word_1_230' title='bbox 603 1898 815 1933; x_wconf 88' lang='lat' dir='ltr'><em>ueemens‚</em></span> <span class='ocrx_word' id='word_1_231' title='bbox 842 1888 1011 1933; x_wconf 87' lang='lat' dir='ltr'><em>traeret,</em></span> <span class='ocrx_word' id='word_1_232' title='bbox 1036 1883 1200 1924; x_wconf 84' lang='lat' dir='ltr'><em>abstrai</em></span> <span class='ocrx_word' id='word_1_233' title='bbox 1218 1888 1269 1932; x_wconf 92' lang='lat' dir='ltr'>B,</span> <span class='ocrx_word' id='word_1_234' title='bbox 1293 1883 1340 1923; x_wconf 91' lang='lat' dir='ltr'>in</span> <span class='ocrx_word' id='word_1_235' title='bbox 1360 1897 1443 1937; x_wconf 91' lang='lat' dir='ltr'>quo</span> <span class='ocrx_word' id='word_1_236' title='bbox 1458 1882 1576 1923; x_wconf 86' lang='lat' dir='ltr'>haud</span> <span class='ocrx_word' id='word_1_237' title='bbox 1595 1897 1688 1924; x_wconf 87' lang='lat' dir='ltr'>raro</span> <span class='ocrx_word' id='word_1_238' title='bbox 1709 1897 1836 1937; x_wconf 75' lang='lat' dir='ltr'>supra</span> 
     </span>
     <span class='ocr_line' id='line_1_25' title="bbox 287 1952 1835 2008; baseline -0.002 -11"><span class='ocrx_word' id='word_1_239' title='bbox 287 1956 448 1997; x_wconf 89' lang='lat' dir='ltr'>lineam</span> <span class='ocrx_word' id='word_1_240' title='bbox 482 1953 749 2008; x_wconf 87' lang='lat' dir='ltr'>aspirationis</span> <span class='ocrx_word' id='word_1_241' title='bbox 779 1959 879 1994; x_wconf 84' lang='lat' dir='ltr'>nota</span> <span class='ocrx_word' id='word_1_242' title='bbox 903 1953 924 1991; x_wconf 85' lang='grc' dir='ltr'>Ι·</span> <span class='ocrx_word' id='word_1_243' title='bbox 943 1953 1088 1994; x_wconf 86' lang='lat' dir='ltr'>addita</span> <span class='ocrx_word' id='word_1_244' title='bbox 1108 1959 1197 2002; x_wconf 88' lang='lat' dir='ltr'>est,</span> <span class='ocrx_word' id='word_1_245' title='bbox 1236 1967 1363 2007; x_wconf 90' lang='lat' dir='ltr'>quam</span> <span class='ocrx_word' id='word_1_246' title='bbox 1384 1952 1513 1993; x_wconf 90' lang='lat' dir='ltr'>etiam</span> <span class='ocrx_word' id='word_1_247' title='bbox 1539 1952 1586 1993; x_wconf 91' lang='lat' dir='ltr'>in</span> <span class='ocrx_word' id='word_1_248' title='bbox 1614 1952 1835 1994; x_wconf 84' lang='lat' dir='ltr'>quenalis</span> 
     </span>
     <span class='ocr_line' id='line_1_26' title="bbox 290 2022 1450 2068; baseline -0.005 -1"><span class='ocrx_word' id='word_1_249' title='bbox 290 2026 433 2068; x_wconf 86' lang='lat' dir='ltr'>codice</span> <span class='ocrx_word' id='word_1_250' title='bbox 453 2025 690 2067; x_wconf 86' lang='lat' dir='ltr'>Pithoeano</span> <span class='ocrx_word' id='word_1_251' title='bbox 711 2025 858 2064; x_wconf 90' lang='lat' dir='ltr'>eodem</span> <span class='ocrx_word' id='word_1_252' title='bbox 878 2025 1004 2064; x_wconf 89' lang='lat' dir='ltr'>modo</span> <span class='ocrx_word' id='word_1_253' title='bbox 1026 2022 1263 2063; x_wconf 90' lang='lat' dir='ltr'>adhibitam</span> <span class='ocrx_word' id='word_1_254' title='bbox 1287 2022 1450 2062; x_wconf 89' lang='lat' dir='ltr'>inueni.</span> 
     </span>
    </p>

    <p class='ocr_par' dir='ltr' id='par_1_4' title="bbox 289 2083 1836 2983">
     <span class='ocr_line' id='line_1_27' title="bbox 405 2083 1834 2148; baseline -0.001 -12"><span class='ocrx_word' id='word_1_255' title='bbox 405 2095 523 2136; x_wconf 89' lang='lat' dir='ltr'>Illud</span> <span class='ocrx_word' id='word_1_256' title='bbox 541 2083 742 2148; x_wconf 5' lang='lat' dir='ltr'>uixqopus</span> <span class='ocrx_word' id='word_1_257' title='bbox 759 2099 823 2134; x_wconf 85' lang='lat' dir='ltr'>est</span> <span class='ocrx_word' id='word_1_258' title='bbox 843 2108 1029 2143; x_wconf 85' lang='lat' dir='ltr'>monere,</span> <span class='ocrx_word' id='word_1_259' title='bbox 1063 2094 1085 2133; x_wconf 95' lang='lat' dir='ltr'><em>b</em></span> <span class='ocrx_word' id='word_1_260' title='bbox 1107 2099 1149 2133; x_wconf 91' lang='lat' dir='ltr'><em>et</em></span> <span class='ocrx_word' id='word_1_261' title='bbox 1169 2107 1199 2134; x_wconf 86' lang='lat' dir='ltr'><em>u</em></span> <span class='ocrx_word' id='word_1_262' title='bbox 1226 2092 1272 2132; x_wconf 91' lang='lat' dir='ltr'>in</span> <span class='ocrx_word' id='word_1_263' title='bbox 1300 2099 1479 2146; x_wconf 86' lang='lat' dir='ltr'>utroque</span> <span class='ocrx_word' id='word_1_264' title='bbox 1506 2091 1649 2133; x_wconf 86' lang='lat' dir='ltr'>codice</span> <span class='ocrx_word' id='word_1_265' title='bbox 1679 2091 1834 2146; x_wconf 87' lang='lat' dir='ltr'>saepis-</span> 
     </span>
     <span class='ocr_line' id='line_1_28' title="bbox 291 2161 1835 2206; baseline -0.003 0"><span class='ocrx_word' id='word_1_266' title='bbox 291 2165 395 2206; x_wconf 89' lang='lat' dir='ltr'>sime</span> <span class='ocrx_word' id='word_1_267' title='bbox 415 2164 527 2205; x_wconf 86' lang='lat' dir='ltr'>inter</span> <span class='ocrx_word' id='word_1_268' title='bbox 547 2178 591 2205; x_wconf 88' lang='lat' dir='ltr'>se</span> <span class='ocrx_word' id='word_1_269' title='bbox 610 2162 781 2204; x_wconf 89' lang='lat' dir='ltr'>mutari.</span> <span class='ocrx_word' id='word_1_270' title='bbox 823 2178 991 2204; x_wconf 91' lang='lat' dir='ltr'>summa</span> <span class='ocrx_word' id='word_1_271' title='bbox 1010 2162 1298 2203; x_wconf 87' lang='lat' dir='ltr'>inconstantia</span> <span class='ocrx_word' id='word_1_272' title='bbox 1327 2169 1390 2203; x_wconf 89' lang='lat' dir='ltr'>est</span> <span class='ocrx_word' id='word_1_273' title='bbox 1418 2161 1464 2202; x_wconf 89' lang='lat' dir='ltr'>in</span> <span class='ocrx_word' id='word_1_274' title='bbox 1494 2161 1746 2202; x_wconf 84' lang='lat' dir='ltr'>adhibendis</span> <span class='ocrx_word' id='word_1_275' title='bbox 1765 2161 1835 2202; x_wconf 89' lang='lat' dir='ltr'>lit·</span> 
     </span>
     <span class='ocr_line' id='line_1_29' title="bbox 291 2231 1836 2287; baseline -0.003 -11"><span class='ocrx_word' id='word_1_276' title='bbox 291 2235 390 2276; x_wconf 87' lang='lat' dir='ltr'>teris</span> <span class='ocrx_word' id='word_1_277' title='bbox 412 2235 443 2275; x_wconf 91' lang='lat' dir='ltr'><em>d</em></span> <span class='ocrx_word' id='word_1_278' title='bbox 460 2241 503 2275; x_wconf 89' lang='lat' dir='ltr'><em>et</em></span> <span class='ocrx_word' id='word_1_279' title='bbox 525 2240 565 2283; x_wconf 89' lang='lat' dir='ltr'><em>t,·</em></span> <span class='ocrx_word' id='word_1_280' title='bbox 606 2233 750 2287; x_wconf 89' lang='lat' dir='ltr'>itaque</span> <span class='ocrx_word' id='word_1_281' title='bbox 779 2233 856 2274; x_wconf 90' lang='lat' dir='ltr'>sed</span> <span class='ocrx_word' id='word_1_282' title='bbox 881 2239 1009 2287; x_wconf 90' lang='lat' dir='ltr'>atque</span> <span class='ocrx_word' id='word_1_283' title='bbox 1039 2238 1121 2282; x_wconf 88' lang='lat' dir='ltr'><em>set,</em></span> <span class='ocrx_word' id='word_1_284' title='bbox 1161 2233 1280 2286; x_wconf 89' lang='lat' dir='ltr'><em>apud</em></span> <span class='ocrx_word' id='word_1_285' title='bbox 1297 2239 1423 2286; x_wconf 86' lang='lat' dir='ltr'>atque</span> <span class='ocrx_word' id='word_1_286' title='bbox 1444 2237 1569 2284; x_wconf 88' lang='lat' dir='ltr'><em>aput,</em></span> <span class='ocrx_word' id='word_1_287' title='bbox 1609 2232 1746 2286; x_wconf 90' lang='lat' dir='ltr'><em>adque</em></span> <span class='ocrx_word' id='word_1_288' title='bbox 1764 2231 1836 2272; x_wconf 90' lang='lat' dir='ltr'>uel</span> 
     </span>
     <span class='ocr_line' id='line_1_30' title="bbox 291 2300 1835 2360; baseline -0.003 -15"><span class='ocrx_word' id='word_1_289' title='bbox 291 2311 429 2360; x_wconf 89' lang='lat' dir='ltr'><em>atque,</em></span> <span class='ocrx_word' id='word_1_290' title='bbox 455 2303 614 2358; x_wconf 85' lang='lat' dir='ltr'><em>adquin</em></span> <span class='ocrx_word' id='word_1_291' title='bbox 634 2303 706 2344; x_wconf 93' lang='lat' dir='ltr'>uel</span> <span class='ocrx_word' id='word_1_292' title='bbox 727 2302 874 2357; x_wconf 79' lang='lat' dir='ltr'><em>atquin</em></span> <span class='ocrx_word' id='word_1_293' title='bbox 893 2327 945 2333; x_wconf 83' lang='lat'>-—</span> <span class='ocrx_word' id='word_1_294' title='bbox 968 2317 1071 2342; x_wconf 88' lang='lat' dir='ltr'>nam</span> <span class='ocrx_word' id='word_1_295' title='bbox 1101 2301 1222 2357; x_wconf 88' lang='lat' dir='ltr'><em>atqui</em></span> <span class='ocrx_word' id='word_1_296' title='bbox 1246 2316 1459 2356; x_wconf 87' lang='lat' dir='ltr'>nusquam</span> <span class='ocrx_word' id='word_1_297' title='bbox 1477 2301 1524 2341; x_wconf 91' lang='lat' dir='ltr'>in</span> <span class='ocrx_word' id='word_1_298' title='bbox 1545 2301 1661 2342; x_wconf 89' lang='lat' dir='ltr'>Flori</span> <span class='ocrx_word' id='word_1_299' title='bbox 1681 2300 1835 2342; x_wconf 89' lang='lat' dir='ltr'>codici-</span> 
     </span>
     <span class='ocr_line' id='line_1_31' title="bbox 289 2370 1836 2428; baseline -0.003 -13"><span class='ocrx_word' id='word_1_300' title='bbox 289 2376 370 2415; x_wconf 88' lang='lat' dir='ltr'>bus</span> <span class='ocrx_word' id='word_1_301' title='bbox 392 2374 549 2428; x_wconf 87' lang='lat' dir='ltr'>legitur</span> <span class='ocrx_word' id='word_1_302' title='bbox 566 2397 617 2404; x_wconf 85' lang='lat'>—</span> <span class='ocrx_word' id='word_1_303' title='bbox 635 2374 783 2413; x_wconf 86' lang='lat' dir='ltr'>eadem</span> <span class='ocrx_word' id='word_1_304' title='bbox 802 2372 1090 2413; x_wconf 87' lang='lat' dir='ltr'>inconstantia</span> <span class='ocrx_word' id='word_1_305' title='bbox 1110 2371 1270 2426; x_wconf 88' lang='lat' dir='ltr'>scripsi,</span> <span class='ocrx_word' id='word_1_306' title='bbox 1294 2372 1356 2412; x_wconf 90' lang='lat' dir='ltr'>ita</span> <span class='ocrx_word' id='word_1_307' title='bbox 1376 2371 1548 2425; x_wconf 89' lang='lat' dir='ltr'>quidem</span> <span class='ocrx_word' id='word_1_308' title='bbox 1568 2377 1618 2411; x_wconf 92' lang='lat' dir='ltr'>ut</span> <span class='ocrx_word' id='word_1_309' title='bbox 1637 2370 1836 2411; x_wconf 86' lang='lat' dir='ltr'>rariorem</span> 
     </span>
     <span class='ocr_line' id='line_1_32' title="bbox 291 2437 1834 2496; baseline -0.003 -12"><span class='ocrx_word' id='word_1_310' title='bbox 291 2444 469 2484; x_wconf 88' lang='lat' dir='ltr'>sormam</span> <span class='ocrx_word' id='word_1_311' title='bbox 488 2442 717 2495; x_wconf 86' lang='lat' dir='ltr'>reciperem</span> <span class='ocrx_word' id='word_1_312' title='bbox 736 2442 811 2482; x_wconf 89' lang='lat' dir='ltr'>ubi</span> <span class='ocrx_word' id='word_1_313' title='bbox 832 2442 995 2483; x_wconf 89' lang='lat' dir='ltr'>codices</span> <span class='ocrx_word' id='word_1_314' title='bbox 1016 2441 1315 2496; x_wconf 86' lang='lat' dir='ltr'>discreparent.</span> <span class='ocrx_word' id='word_1_315' title='bbox 1365 2442 1437 2482; x_wconf 88' lang='lat' dir='ltr'>sed</span> <span class='ocrx_word' id='word_1_316' title='bbox 1458 2442 1571 2495; x_wconf 89' lang='lat' dir='ltr'>quod</span> <span class='ocrx_word' id='word_1_317' title='bbox 1590 2440 1637 2480; x_wconf 89' lang='lat' dir='ltr'>in</span> <span class='ocrx_word' id='word_1_318' title='bbox 1657 2443 1744 2481; x_wconf 92' lang='lat' dir='ltr'>BN</span> <span class='ocrx_word' id='word_1_319' title='bbox 1759 2437 1834 2480; x_wconf 81' lang='lat' dir='ltr'>ali-</span> 
     </span>
     <span class='ocr_line' id='line_1_33' title="bbox 291 2509 1834 2567; baseline -0.002 -15"><span class='ocrx_word' id='word_1_320' title='bbox 291 2513 485 2567; x_wconf 87' lang='lat' dir='ltr'>quotiens</span> <span class='ocrx_word' id='word_1_321' title='bbox 506 2511 662 2565; x_wconf 82' lang='lat' dir='ltr'>legitur</span> <span class='ocrx_word' id='word_1_322' title='bbox 683 2511 858 2565; x_wconf 82' lang='lat' dir='ltr'><em>aliquod</em></span> <span class='ocrx_word' id='word_1_323' title='bbox 875 2525 950 2564; x_wconf 91' lang='lat' dir='ltr'>pro</span> <span class='ocrx_word' id='word_1_324' title='bbox 971 2511 1132 2566; x_wconf 88' lang='lat' dir='ltr'><em>aliquot</em></span> <span class='ocrx_word' id='word_1_325' title='bbox 1149 2511 1332 2565; x_wconf 87' lang='lat' dir='ltr'>recipere</span> <span class='ocrx_word' id='word_1_326' title='bbox 1353 2510 1499 2560; x_wconf 90' lang='lat' dir='ltr'>nolui,</span> <span class='ocrx_word' id='word_1_327' title='bbox 1536 2510 1732 2564; x_wconf 89' lang='lat' dir='ltr'>idemque</span> <span class='ocrx_word' id='word_1_328' title='bbox 1763 2509 1834 2549; x_wconf 85' lang='lat' dir='ltr'>ad-</span> 
     </span>
     <span class='ocr_line' id='line_1_34' title="bbox 290 2578 1835 2635; baseline -0.003 -11"><span class='ocrx_word' id='word_1_329' title='bbox 290 2590 437 2624; x_wconf 86' lang='lat' dir='ltr'>notare</span> <span class='ocrx_word' id='word_1_330' title='bbox 459 2581 560 2622; x_wconf 88' lang='lat' dir='ltr'>satis</span> <span class='ocrx_word' id='word_1_331' title='bbox 581 2580 713 2621; x_wconf 88' lang='lat' dir='ltr'>habui</span> <span class='ocrx_word' id='word_1_332' title='bbox 733 2580 837 2635; x_wconf 89' lang='lat' dir='ltr'><em>quit,</em></span> <span class='ocrx_word' id='word_1_333' title='bbox 863 2580 962 2622; x_wconf 91' lang='lat' dir='ltr'><em>illut</em></span> <span class='ocrx_word' id='word_1_334' title='bbox 980 2595 1087 2634; x_wconf 89' lang='lat' dir='ltr'>quae</span> <span class='ocrx_word' id='word_1_335' title='bbox 1108 2580 1178 2621; x_wconf 89' lang='lat' dir='ltr'>hic</span> <span class='ocrx_word' id='word_1_336' title='bbox 1209 2581 1298 2621; x_wconf 86' lang='lat' dir='ltr'>illic</span> <span class='ocrx_word' id='word_1_337' title='bbox 1326 2580 1529 2635; x_wconf 87' lang='lat' dir='ltr'>leguntur</span> <span class='ocrx_word' id='word_1_338' title='bbox 1557 2579 1603 2620; x_wconf 89' lang='lat' dir='ltr'>in</span> <span class='ocrx_word' id='word_1_339' title='bbox 1622 2583 1711 2620; x_wconf 90' lang='lat' dir='ltr'>BN</span> <span class='ocrx_word' id='word_1_340' title='bbox 1725 2578 1835 2620; x_wconf 88' lang='lat' dir='ltr'>sicut</span> 
     </span>
     <span class='ocr_line' id='line_1_35' title="bbox 291 2648 1831 2705; baseline -0.004 -11"><span class='ocrx_word' id='word_1_341' title='bbox 291 2652 400 2694; x_wconf 89' lang='lat' dir='ltr'><em>aliut</em></span> <span class='ocrx_word' id='word_1_342' title='bbox 418 2651 464 2692; x_wconf 92' lang='lat' dir='ltr'>in</span> <span class='ocrx_word' id='word_1_343' title='bbox 484 2655 543 2701; x_wconf 94' lang='lat' dir='ltr'>N,</span> <span class='ocrx_word' id='word_1_344' title='bbox 566 2655 665 2705; x_wconf 87' lang='lat' dir='ltr'><em>quot</em></span> <span class='ocrx_word' id='word_1_345' title='bbox 683 2656 725 2689; x_wconf 89' lang='lat' dir='ltr'><em>et</em></span> <span class='ocrx_word' id='word_1_346' title='bbox 746 2656 892 2690; x_wconf 83' lang='lat' dir='ltr'>contra</span> <span class='ocrx_word' id='word_1_347' title='bbox 913 2650 1075 2705; x_wconf 89' lang='lat' dir='ltr'><em>inquid,</em></span> <span class='ocrx_word' id='word_1_348' title='bbox 1100 2651 1304 2705; x_wconf 83' lang='lat' dir='ltr'><em>reliquid,</em></span> <span class='ocrx_word' id='word_1_349' title='bbox 1330 2651 1529 2699; x_wconf 88' lang='lat' dir='ltr'><em>simulad,</em></span> <span class='ocrx_word' id='word_1_350' title='bbox 1555 2649 1695 2702; x_wconf 84' lang='lat' dir='ltr'>capud</span> <span class='ocrx_word' id='word_1_351' title='bbox 1712 2648 1758 2688; x_wconf 91' lang='lat' dir='ltr'>in</span> <span class='ocrx_word' id='word_1_352' title='bbox 1778 2653 1831 2698; x_wconf 91' lang='lat' dir='ltr'>B,</span> 
     </span>
     <span class='ocr_line' id='line_1_36' title="bbox 291 2718 1835 2776; baseline -0.003 -14"><span class='ocrx_word' id='word_1_353' title='bbox 291 2722 337 2762; x_wconf 93' lang='lat' dir='ltr'>in</span> <span class='ocrx_word' id='word_1_354' title='bbox 358 2736 441 2776; x_wconf 91' lang='lat' dir='ltr'>quo</span> <span class='ocrx_word' id='word_1_355' title='bbox 462 2735 585 2774; x_wconf 88' lang='lat' dir='ltr'>saepe</span> <span class='ocrx_word' id='word_1_356' title='bbox 605 2720 718 2773; x_wconf 90' lang='lat' dir='ltr'>quod</span> <span class='ocrx_word' id='word_1_357' title='bbox 742 2718 860 2773; x_wconf 88' lang='lat' dir='ltr'>prius</span> <span class='ocrx_word' id='word_1_358' title='bbox 894 2719 1099 2773; x_wconf 86' lang='lat' dir='ltr'>scriptum</span> <span class='ocrx_word' id='word_1_359' title='bbox 1127 2727 1216 2761; x_wconf 87' lang='lat' dir='ltr'>erat</span> <span class='ocrx_word' id='word_1_360' title='bbox 1246 2722 1277 2762; x_wconf 95' lang='lat' dir='ltr'><em>d</em></span> <span class='ocrx_word' id='word_1_361' title='bbox 1299 2721 1371 2761; x_wconf 89' lang='lat' dir='ltr'>uel</span> <span class='ocrx_word' id='word_1_362' title='bbox 1403 2725 1419 2761; x_wconf 94' lang='lat' dir='ltr'><em>t</em></span> <span class='ocrx_word' id='word_1_363' title='bbox 1444 2725 1591 2773; x_wconf 86' lang='lat' dir='ltr'>postea</span> <span class='ocrx_word' id='word_1_364' title='bbox 1619 2724 1835 2758; x_wconf 84' lang='lat' dir='ltr'>mutatum</span> 
     </span>
     <span class='ocr_line' id='line_1_37' title="bbox 293 2787 1834 2845; baseline -0.003 -13"><span class='ocrx_word' id='word_1_365' title='bbox 293 2798 370 2832; x_wconf 88' lang='lat' dir='ltr'>est.</span> <span class='ocrx_word' id='word_1_366' title='bbox 405 2790 659 2845; x_wconf 90' lang='lat' dir='ltr'>quibusdam</span> <span class='ocrx_word' id='word_1_367' title='bbox 677 2788 781 2829; x_wconf 87' lang='lat' dir='ltr'>locis</span> <span class='ocrx_word' id='word_1_368' title='bbox 802 2792 851 2829; x_wconf 92' lang='lat' dir='ltr'><em>N</em></span> <span class='ocrx_word' id='word_1_369' title='bbox 863 2803 900 2842; x_wconf 90' lang='lat' dir='ltr'><em>p</em></span> <span class='ocrx_word' id='word_1_370' title='bbox 922 2796 1020 2829; x_wconf 86' lang='lat' dir='ltr'>ante</span> <span class='ocrx_word' id='word_1_371' title='bbox 1050 2804 1070 2830; x_wconf 83' lang='lat' dir='ltr'>s</span> <span class='ocrx_word' id='word_1_372' title='bbox 1103 2791 1308 2844; x_wconf 87' lang='lat' dir='ltr'>scriptum</span> <span class='ocrx_word' id='word_1_373' title='bbox 1337 2788 1524 2831; x_wconf 84' lang='lat' dir='ltr'>seruauit</span> <span class='ocrx_word' id='word_1_374' title='bbox 1554 2787 1628 2828; x_wconf 89' lang='lat' dir='ltr'>ubi</span> <span class='ocrx_word' id='word_1_375' title='bbox 1658 2787 1790 2841; x_wconf 88' lang='lat' dir='ltr'>uulgo</span> <span class='ocrx_word' id='word_1_376' title='bbox 1811 2787 1834 2828; x_wconf 91' lang='lat' dir='ltr'><em>b</em></span> 
     </span>
     <span class='ocr_line' id='line_1_38' title="bbox 292 2859 1836 2913; baseline -0.003 -12"><span class='ocrx_word' id='word_1_377' title='bbox 292 2860 417 2901; x_wconf 88' lang='lat' dir='ltr'>scribi</span> <span class='ocrx_word' id='word_1_378' title='bbox 438 2861 544 2902; x_wconf 89' lang='lat' dir='ltr'>solet</span> <span class='ocrx_word' id='word_1_379' title='bbox 564 2859 610 2900; x_wconf 91' lang='lat' dir='ltr'>in</span> <span class='ocrx_word' id='word_1_380' title='bbox 631 2872 813 2913; x_wconf 84' lang='lat' dir='ltr'><em>opseene,</em></span> <span class='ocrx_word' id='word_1_381' title='bbox 840 2872 1021 2911; x_wconf 87' lang='lat' dir='ltr'><em>opsessa,</em></span> <span class='ocrx_word' id='word_1_382' title='bbox 1051 2859 1265 2912; x_wconf 88' lang='lat' dir='ltr'><em>Opsidius,</em></span> <span class='ocrx_word' id='word_1_383' title='bbox 1281 2859 1430 2912; x_wconf 80' lang='lat' dir='ltr'><em>pleps,</em></span> <span class='ocrx_word' id='word_1_384' title='bbox 1456 2864 1554 2899; x_wconf 89' lang='lat' dir='ltr'>ante</span> <span class='ocrx_word' id='word_1_385' title='bbox 1577 2863 1593 2899; x_wconf 88' lang='lat' dir='ltr'><em>t</em></span> <span class='ocrx_word' id='word_1_386' title='bbox 1612 2862 1836 2899; x_wconf 83' lang='lat' dir='ltr'>seruarunt</span> 
     </span>
     <span class='ocr_line' id='line_1_39' title="bbox 291 2927 1084 2983; baseline -0.003 -13"><span class='ocrx_word' id='word_1_387' title='bbox 291 2934 377 2971; x_wconf 91' lang='lat' dir='ltr'>BN</span> <span class='ocrx_word' id='word_1_388' title='bbox 393 2930 438 2970; x_wconf 90' lang='lat' dir='ltr'>in</span> <span class='ocrx_word' id='word_1_389' title='bbox 460 2929 630 2983; x_wconf 81' lang='lat' dir='ltr'><em>optulit,</em></span> <span class='ocrx_word' id='word_1_390' title='bbox 657 2928 703 2969; x_wconf 92' lang='lat' dir='ltr'>in</span> <span class='ocrx_word' id='word_1_391' title='bbox 724 2927 874 2982; x_wconf 81' lang='lat' dir='ltr'><em>optrito</em></span> <span class='ocrx_word' id='word_1_392' title='bbox 895 2931 933 2967; x_wconf 94' lang='lat' dir='ltr'><em>B</em></span> <span class='ocrx_word' id='word_1_393' title='bbox 954 2928 1084 2968; x_wconf 88' lang='lat' dir='ltr'>solus.</span> 
     </span>
    </p>
   </div>
  </div>
 </body>
</html>
