2002 3320
250 230 304 271 36
894 242 987 270 1vL1
1009 241 1138 270 ηοω

251 349 293 383 et
313 342 508 382 luctuosa
531 339 685 381 Punici
706 339 808 380 belli
829 339 895 381 uis
916 341 1053 394 adque
1074 346 1302 394 tempestas
1323 341 1669 393 destinatumque
1690 341 1775 380 Ro·
1806 341 1839 380 I

249 411 387 452 manis
408 410 495 450 iam
514 409 589 450 diu
609 409 774 449 fulmen
797 409 1038 463 Saguntino
1058 410 1158 464 igne
1179 410 1408 459 conflauit,
1433 409 1578 450 statim
1600 411 1783 463 quodam

250 481 414 534 impetu
434 485 556 533 rapta
574 477 735 519 medias
754 479 956 532 perfregit
976 479 1114 532 Alpes,
1139 485 1181 519 et
1210 478 1257 518 in
1287 479 1461 520 Italiam
1481 480 1533 520 ab
1554 479 1640 520 illis
1661 479 1781 520 fabu-

248 551 363 591 losae
384 548 625 589 altitudinis
645 547 820 588 niuibus
842 548 964 588 uelut
984 547 1101 588 caelo
1121 547 1251 588 missa
1270 549 1502 590 descendit.

352 620 416 659 Ac
436 618 563 673 primi
585 618 757 672 quidem
777 618 962 672 impetus
983 617 1107 659 turbo
1128 616 1241 657 inter
1257 618 1424 658 Padum
1440 625 1566 673 atque
1583 619 1783 660 Ticinum
1809 627 1829 658 5

249 688 392 730 ualido
414 688 559 729 statim
579 689 743 742 fragore
765 687 975 729 detonuit.
1011 694 1104 728 tum
1126 686 1324 741 Scipione
1345 688 1453 728 d'uce
1478 688 1599 730 fusus
1620 688 1776 730 exerci-

248 766 342 808 tus;
377 758 546 799 saucius
568 757 698 798 etiam
725 757 816 811 ipse
843 757 1034 798 uenisset
1061 756 1107 796 in
1136 755 1325 797 hostium
1353 771 1507 798 manus
1535 757 1778 812 imperator,

247 829 331 869 nisi
351 834 590 882 protectum
605 834 769 880 patrem
785 833 1076 881 praetextatus
1094 827 1323 867 admodum
1336 826 1452 868 filius
1469 827 1522 867 ab
1537 826 1630 881 ipsa
1644 835 1778 872 morte

246 898 469 953 rapuisset.
502 897 573 937 hic
594 896 673 937 erit
696 896 855 951 Scipio,
879 896 954 951 qui
970 896 1017 937 in
1038 895 1219 936 exitium
1238 895 1407 937 Africae
1428 896 1577 938 crescit
1590 929 1603 947 ,
1625 911 1781 938 nomen

247 984 300 1009 ex
318 967 442 1009 malis
464 966 554 1007 eius
574 965 814 1007 habiturus.
1813 974 1854 1006 10

360 1037 511 1078 Ticino
542 1036 696 1077 Trebia
727 1035 929 1077 succedit.
963 1023 1034 1075 hic
1065 1036 1252 1075 secunda
1283 1035 1437 1076 Punici
1466 1035 1572 1077 belli
1598 1036 1783 1090 procella

246 1107 436 1148 desaeuit
459 1105 708 1160 Sempronio
740 1105 928 1146 consule.
965 1112 1061 1145 tum
1087 1104 1351 1146 callidissimi
1379 1105 1547 1155 hostes,
1578 1105 1782 1159 frigidum

245 1186 287 1218 et
308 1177 497 1218 niualem
516 1176 666 1217 nancti
687 1175 823 1224 diem,
848 1189 946 1214 cum
967 1189 1011 1215 se
1031 1174 1204 1228 ignibus
1224 1174 1341 1228 prius
1362 1175 1539 1228 oleoque
1556 1174 1781 1224 fouissent,

247 1246 653 1295 ——horribilefldictu
675 1270 726 1276 —
747 1244 942 1286 homines
965 1259 989 1285 a
1009 1243 1185 1284 meridie
1206 1250 1248 1284 et
1269 1244 1356 1284 sole
1376 1243 1617 1294 uenientes,
1639 1251 1785 1285 nostra

245 1332 322 1359 nos
342 1317 483 1358 hieme
503 1316 715 1356 uicerunt.
1813 1321 1854 1353 15

358 1385 632 1427 Trasimenus
661 1385 780 1425 lacus
794 1416 806 1433 ‚
844 1383 1019 1424 tertium
1047 1382 1212 1423 fulmen
1242 1382 1470 1424 Annibalis
1483 1415 1512 1438 ,θ
1532 1382 1785 1437 imperatore

245 1455 459 1498 Flaminio
487 1469 584 1508 pars
605 1468 721 1494 noua
743 1453 935 1494 Punicae
955 1452 1131 1493 fraudis.
1167 1452 1324 1506 quippe
1343 1452 1502 1493 nebula
1521 1452 1640 1493 lacus
1665 1453 1786 1507 palu-

247 1526 488 1579 stribusque
518 1523 718 1577 uirgultis
751 1529 889 1563 tectus
929 1522 1145 1576 equitatus
1175 1529 1294 1575 terga
1322 1522 1464 1563 subito
1494 1521 1786 1576 pugnantium

246 1595 422 1637 inuasit.
455 1608 535 1635 nec
556 1594 607 1634 de
629 1593 693 1634 dis
713 1607 939 1647 possumus
961 1591 1094 1646 queri.
1128 1591 1414 1632 inminentem
1444 1587 1666 1632 temerario
1687 1591 1786 1632 duci

247 1667 411 1707 cladem
430 1663 728 1719 praedixerant
748 1649 981 1703 insidentia
1001 1661 1133 1716 signis
1150 1661 1349 1702 examina
1369 1668 1410 1702 et
1432 1661 1599 1715 aquilae
1619 1661 1785 1716 prodire
1813 1670 1857 1702 20

247 1737 441 1777 nolentes
463 1741 505 1775 et
526 1732 796 1774 commissam
816 1732 951 1773 aciem
972 1738 1143 1773 secutus
1164 1731 1315 1786 ingens
1336 1738 1470 1772 terrae
1492 1738 1669 1780 tremor3
1703 1730 1786 1772 nisi

249 1807 373 1846 illum
393 1806 611 1846 horrorem
631 1802 710 1843 soli
732 1802 927 1856 equitum
956 1802 1230 1856 uirorumque
1259 1801 1473 1842 discursus
1504 1807 1546 1841 et
1575 1808 1692 1842 mota
1713 1815 1785 1841 ue-

250 1875 494 1916 hementius
516 1887 633 1913 arma
652 1872 860 1913 fecerunt.

366 1945 579 1988 Quartum
598 1942 643 1982 id
664 1949 727 1982 est
746 1956 857 1995 pane
873 1941 1077 1982 ultimum
1094 1942 1249 1982 uolnus
1266 1941 1434 1995 imperii
1451 1942 1642 1990 Cannae,
1665 1940 1785 1994 igno-

250 2013 349 2054 bilis
383 2012 567 2067 Apuliae
603 2011 747 2060 uicus3
793 2013 867 2051 sed
895 2011 1197 2065 magnitudine
1227 2011 1358 2051 cladis
1388 2011 1558 2051 emersit
1595 2017 1637 2050 et
1668 2023 1786 2050 sexa·
1813 2015 1856 2047 25

250 2083 373 2138 ginta
405 2081 575 2122 milium
610 2082 737 2121 caede
765 2086 887 2133 parta
920 2079 1137 2120 nobilitas.
1179 2079 1240 2120 ibi
1274 2079 1320 2119 in
1356 2079 1570 2120 excidium
1605 2077 1787 2118 infelicis

253 2152 462 2193 exercitus
484 2152 572 2192 dux
593 2158 703 2191 terra
723 2150 891 2190 caelum
912 2149 1018 2198 dies,
1041 2155 1132 2189 tota
1150 2163 1292 2189 rerum
1312 2155 1467 2189 natura
1487 2147 1715 2189 consensit.
1750 2146 1785 2188 si

254 2222 427 2276 quidem
453 2235 541 2261 non
569 2226 796 2261 contentus
827 2218 1037 2259 simulatis
1073 2218 1304 2272 transfugis
1333 2218 1547 2266 Annibal,
1587 2216 1661 2270 qui
1688 2231 1790 2258 mox

256 2300 373 2345 terga
393 2290 683 2345 pugnantium
703 2288 971 2337 ceciderunt,
1005 2287 1180 2342 insuper
1201 2287 1380 2328 callidus
1401 2287 1631 2340 imperator
1648 2286 1695 2326 in
1714 2300 1787 2340 pa-

256 2361 445 2402 tentibus
466 2359 642 2413 campis,
667 2360 891 2400 obseruato
910 2357 994 2398 loci
1010 2356 1199 2411 ingenio,
1219 2358 1332 2410 quod
1348 2364 1390 2398 et
1407 2357 1469 2398 sol
1485 2356 1546 2397 ibi
1562 2355 1787 2397 acerrimus
1815 2363 1858 2395 30

257 2439 299 2471 et
317 2430 527 2485 plurimus
547 2429 691 2484 puluis
708 2436 750 2470 et
766 2443 892 2470 eurus
908 2429 960 2469 ab
977 2427 1138 2469 oriente
1155 2441 1319 2480 semper
1334 2426 1455 2480 quasi
1471 2440 1523 2467 ex
1539 2424 1786 2473 constituto,

257 2589 276 2620 2
296 2585 422 2630 saguin
439 2584 522 2629 igne
537 2592 570 2617 N
585 2584 596 2628 11
626 2586 645 2616 4
670 2583 875 2619 ultitudinis
898 2593 923 2618 Β
941 2585 951 2630 11
982 2586 1001 2618 6
1026 2588 1112 2617 tunc
1139 2582 1211 2617 ΙΡΝ
1226 2582 1236 2627 11
1255 2582 1412 2628 spicione
1436 2589 1461 2615 B
1479 2580 1490 2625 11
1510 2583 1526 2613 7
1545 2577 1682 2614 sautius
1696 2585 1722 2611 B
1739 2577 1750 2622 11
1769 2578 1789 2610 8

259 2642 350 2676 filios
369 2641 388 2674 b
406 2640 417 2686 11
439 2642 475 2673 11
495 2639 612 2673 treuia
626 2647 655 2681 Ι,
675 2639 790 2684 trepia
804 2648 837 2674 N
851 2641 863 2686 11
885 2642 923 2674 12
940 2644 1028 2674 tunc
1043 2639 1116 2673 IPN
1130 2638 1141 2684 11
1163 2641 1202 2673 16
1219 2639 1470 2684 thrasymenus
1484 2644 1521 2678 B,
1541 2635 1790 2679 tharsymenus

258 2697 305 2739 1¹¹,
325 2696 537 2732 tarsinemus
553 2695 604 2736 11²,
625 2694 900 2739 thrasymennus
916 2703 947 2729 N
969 2695 979 2740 11
1010 2698 1048 2729 17
1074 2694 1294 2729 flamminino
1318 2702 1343 2728 B
1356 2719 1365 2736 ,
1399 2690 1592 2727 flamminio
1615 2697 1636 2722 Ι
1651 2689 1662 2734 11
1679 2687 1791 2722 flami-

260 2755 345 2789 nion
363 2753 413 2787 ibi
430 2762 573 2798 quoque
591 2761 646 2784 ars
662 2758 692 2783 N
709 2750 720 2795 11
742 2752 781 2783 17
798 2762 880 2795 pars
896 2751 1024 2796 scripsi
1032 2765 1043 2784 .·
1071 2763 1127 2785 ars
1151 2759 1228 2785 ΒΙΝ
1242 2751 1253 2796 11
1276 2752 1315 2784 18
1341 2749 1502 2794 equitum
1523 2754 1557 2781 N
1571 2746 1582 2791 11
1600 2747 1643 2778 20
1661 2743 1790 2778 cladim

259 2809 485 2855 praedixerat
502 2808 521 2841 b
539 2807 550 2853 11
577 2808 615 2841 21
638 2810 855 2851 sequuturus
872 2814 895 2839 B
913 2807 923 2851 11
942 2806 1069 2851 ingens
1085 2818 1140 2839 om
1158 2815 1177 2840 l
1191 2807 1203 2851 11
1221 2809 1262 2840 24
1280 2805 1413 2840 uulnus
1437 2811 1462 2838 B
1479 2803 1490 2847 11
1509 2811 1652 2836 camnae
1668 2808 1693 2834 B
1711 2799 1721 2844 11
1750 2802 1791 2832 25

262 2866 379 2899 clades
398 2865 417 2898 b
436 2865 446 2910 11
465 2862 703 2909 quadraginta
717 2869 747 2896 N
764 2862 775 2906 11
794 2863 836 2895 26
854 2862 947 2895 facta
963 2870 994 2895 N
1011 2862 1021 2907 11
1040 2861 1189 2895 exitium
1206 2870 1239 2896 N
1254 2863 1264 2907 11
1283 2864 1325 2896 29
1344 2859 1545 2894 ceciderant
1566 2865 1591 2891 B
1610 2856 1621 2901 11
1640 2855 1792 2890 callidis-

260 2922 370 2956 simus
386 2929 418 2955 N
433 2920 444 2965 11
462 2920 498 2953 in
517 2931 570 2952 om
590 2918 608 2952 b
627 2918 638 2963 11
657 2920 694 2952 31
717 2917 762 2951 ad
780 2917 1013 2952 constitutum
1029 2925 1078 2951 IN
1094 2918 1105 2962 11
