2002 3320
633 230 830 259 ErlronA
852 230 909 266 11,
929 226 1028 258 7-9
1051 217 1142 272 [111‚
1170 218 1348 274 19—21].
1709 219 1763 260 87

222 345 324 385 peos
341 337 386 373 et
411 329 522 372 ferro
548 329 865 383 ergastulorum
892 337 1058 371 recocto
1085 330 1251 385 gladios
1277 346 1326 373 ac
1345 331 1444 383 tela
1472 331 1680 372 fecerunt.
1712 346 1763 373 ao

220 415 278 443 ne
294 400 411 454 quod
430 400 560 441 decus
579 398 695 441 iusto
715 400 882 441 deesset
902 400 1133 451 exercitui,
1165 401 1339 444 domitis
1360 401 1499 444 obuiis
1520 401 1651 443 etiam
1668 416 1762 457 gre-

220 470 344 525 gibus
364 476 539 524 paratur
558 469 791 524 equitatus,
815 477 1024 525 captaque
1045 472 1098 512 de
1118 472 1385 526 praetoribus
1405 471 1595 526 insignia
1615 478 1659 513 et
1678 471 1762 514 fas-

219 554 291 583 ces
311 540 366 582 ad
385 540 539 581 ducem
571 540 776 582 detulere.
818 555 897 582 nec
928 540 1080 583 abnuit
1109 540 1183 583 ille
1213 543 1266 583 de
1296 542 1573 597 stipendiario
1601 543 1766 584 Thrace

169 619 191 651 5
219 609 366 660 miles,
389 611 442 653 de
462 610 600 653 milite
620 611 834 661 desertor,
867 612 920 652 de
940 612 1153 653 desertore
1174 612 1308 662 latro,
1340 612 1495 654 deinde
1527 613 1571 653 in
1605 613 1768 654 honore

222 680 381 723 uirium
408 680 634 735 gladiator.
672 681 778 736 quin
804 681 1105 724 defunctomm
1133 695 1303 736 quoque
1330 682 1492 735 proelio
1523 684 1683 724 ducum
1701 683 1768 723 fu-

222 765 326 792 nera
345 751 651 805 imperatorum
671 751 911 803 celebrauit,
923 752 1139 807 exequiis,
1177 751 1457 806 captiuosque
1486 753 1598 795 circa
1617 768 1771 808 rogum

223 821 350 863 iussit
370 821 498 864 armis
514 822 776 877 depugnare,
799 821 921 877 quasi
931 823 1061 877 plane
1077 822 1327 877 expiaturus
1343 837 1470 864 omne
1491 823 1773 878 praeteritum

225 892 432 941 dedecus,
455 891 494 933 si
513 893 565 934 de
585 892 820 947 gladiatore
840 892 1110 935 munerarius
1128 894 1307 934 bustum
1326 892 1512 935 fecisset.
1553 894 1656 936 inde
1685 894 1773 935 iam

159 969 200 1001 ιο
228 961 499 1004 consularem
531 976 701 1016 quoque
735 964 962 1017 adgressus
992 962 1036 1004 in
1066 963 1297 1017 Appenino
1329 964 1508 1005 Lentuli
1536 963 1773 1005 exercitum

225 1031 395 1081 cecidit,
419 1033 533 1086 apud
554 1032 774 1074 Mutinam
793 1033 925 1075 Publi
944 1033 1068 1076 Cassi
1089 1040 1228 1075 castra
1247 1033 1423 1076 deleuit.
1456 1033 1613 1088 quibus
1634 1034 1773 1075 elatus

226 1100 416 1145 uictoriis
437 1102 491 1145 de
510 1101 757 1143 inuadenda
775 1103 880 1145 urbe
902 1104 1044 1145 Roma
1063 1127 1119 1134 ——
1141 1104 1258 1157 quod
1284 1103 1388 1145 satis
1415 1111 1482 1145 est
1513 1104 1774 1159 turpitudini

225 1178 397 1213 nostrae
419 1195 471 1202 —-
492 1171 763 1215 deliberauit.
798 1174 973 1215 tandem
989 1172 1106 1215 enim
1127 1172 1228 1215 totis
1248 1172 1418 1227 imperii
1438 1173 1605 1216 uiribus
1627 1182 1775 1216 contra

225 1241 543 1296 myrmillonem
557 1250 839 1297 consurgunt,
861 1245 1152 1298 pudoremque
1169 1245 1418 1286 Romanum
1437 1244 1633 1286 Licinius
1649 1246 1774 1287 Cras-

159 1320 201 1355 15
228 1311 510 1354 sus'adseruit
521 1328 532 1361 ;
557 1326 583 1354 a
602 1327 687 1367 quo
707 1314 823 1367 pulsi
849 1314 1147 1370 fugatique—
1169 1315 1305 1368 pudet
1325 1314 1465 1357 dicere
1484 1340 1542 1346 —
1562 1315 1740 1357 hostes
1727 1330 1774 1356 111

228 1389 423 1424 extrema
459 1382 612 1425 Italiae
646 1383 911 1437 refugerunt
956 1383 1018 1425 ibi
1043 1384 1154 1425 circa
1184 1383 1395 1426 Brittium
1415 1386 1626 1440 angulum
1644 1386 1772 1436 clusi,

231 1467 332 1494 cum
358 1451 547 1506 fugam
535 1467 581 1493 1n
618 1452 812 1496 Siciliam
846 1461 1045 1508 pararent
1087 1469 1228 1508 neque
1266 1454 1444 1509 nauigia
1481 1463 1773 1510 suppeterent,

224 1529 421 1576 ratesque
448 1536 502 1562 ex
521 1521 708 1566 cratibus
730 1529 774 1564 et
794 1524 918 1566 dolea
938 1538 1099 1566 conexa
1132 1523 1334 1579 uirgultis
1367 1525 1639 1579 rapidissimo
1668 1525 1776 1566 freto

226 1592 384 1636 frustra
402 1592 730 1647 experirentur,
754 1595 929 1636 tandem
947 1595 1172 1650 eruptione
1200 1595 1313 1637 facta
1341 1595 1474 1650 digna
1502 1595 1607 1637 uiris
1636 1596 1776 1638 obiere

155 1671 201 1705 20
228 1669 364 1706 morte
384 1669 443 1711 et,
466 1663 581 1717 quod
601 1663 687 1706 sub
707 1663 944 1718 gladiatore
965 1666 1074 1707 duce
1094 1665 1310 1720 oportuit,
1333 1666 1426 1708 sine
1445 1665 1649 1707 missione
1669 1681 1776 1721 pug-

228 1739 381 1775 natum
401 1739 480 1774 est.
514 1733 751 1787 Spartacus
771 1733 863 1788 ipse
884 1734 931 1778 in
950 1735 1088 1790 primo
1109 1735 1281 1790 agmine
1309 1735 1539 1779 fortissime
1568 1736 1777 1779 dimicans

230 1803 354 1857 quasi
372 1803 601 1858 imperator
622 1803 786 1846 occisus
807 1811 894 1847 est.

457 1971 462 1975 ·
483 1952 643 1993 VIIII.
683 1951 930 1994 BELLVM
951 1953 1160 1995 CIVILE
1182 1954 1538 1995 MARIANVM,

233 2075 334 2117 Hoc
352 2075 496 2117 deerat
514 2089 655 2120 unum
673 2075 825 2130 populi
841 2076 1031 2118 Romani
1048 2076 1191 2127 malis,
1216 2084 1264 2121 ut
1285 2077 1372 2119 iam
1391 2077 1483 2132 ipse
1499 2078 1614 2119 intra
1628 2092 1672 2119 se
1688 2092 1781 2132 par-
1799 2093 1871 2128 111,
1886 2079 1935 2118 21.

164 2152 209 2184 25
235 2144 409 2187 ricidale
438 2145 602 2187 bellum
629 2145 755 2189 domi
783 2146 1038 2201 stringeret,
1061 2154 1104 2188 et
1123 2146 1171 2188 in
1192 2147 1296 2190 urbe
1316 2147 1458 2191 media
1478 2162 1527 2189 ac
1547 2148 1638 2189 foro
1658 2146 1781 2202 quasi

236 2215 397 2255 harena
426 2213 542 2256 ciues
573 2229 676 2257 cum
708 2215 876 2257 ciuibus
908 2216 997 2258 suis
1025 2216 1280 2270 gladiatorio
1315 2231 1431 2258 more
1462 2224 1777 2262 concurrerent.

238 2283 434 2337 aequiore
458 2282 602 2325 animo
621 2291 855 2339 utcumque
875 2285 1043 2335 ferrem,
1067 2286 1103 2327 si
1121 2286 1262 2340 plebei
1282 2286 1410 2328 duces
1432 2295 1523 2337 aut,
1547 2287 1583 2329 si
1599 2287 1780 2336 nobiles,

239 2353 343 2394 mali
363 2353 520 2396 saltem
539 2353 744 2395 ducatum
764 2354 913 2395 sceleri
934 2355 1244 2409 praebuissent.
1279 2364 1371 2397 tum
1388 2372 1488 2398 uero
1513 2382 1558 2388 -
1586 2372 1661 2411 pro
1682 2356 1783 2398 faci-

244 2535 264 2567 2
282 2531 439 2567 dedecus
454 2538 481 2566 B
498 2530 510 2576 ΙΙ
528 2531 639 2566 etiam
652 2541 755 2568 omn
768 2535 779 2579 ΙΙ
796 2535 817 2568 3
830 2538 1003 2579 parantur
1016 2542 1043 2568 B
1060 2534 1072 2579 ζῆ
1089 2537 1110 2568 5
1129 2534 1175 2568 de
1191 2534 1374 2570 desertore
1389 2534 1482 2570 latro
1504 2535 1556 2570 Μ
1554 2536 1762 2573 ommeem'us
1774 2550 1786 2569 .-

243 2589 288 2624 de
303 2588 397 2624 latro
414 2596 451 2630 B,
471 2587 603 2623 deinde
618 2588 711 2624 latro
725 2597 756 2624 Ν
774 2590 823 2635 [16
845 2589 933 2636 quin
951 2589 1217 2627 Freinshemius
1228 2603 1240 2623 .-
1270 2590 1355 2636 quia
1369 2599 1416 2633 B,
1443 2591 1507 2637 qui
1522 2600 1555 2626 Ν
1570 2593 1581 2638 1}
1601 2595 1618 2627 7
1637 2593 1787 2638 impera-

243 2645 346 2681 toriis
367 2653 400 2680 Ν
414 2645 427 2692 ΙΙ
453 2647 473 2679 8
500 2644 727 2690 depugnaret
748 2645 803 2690 ΒΗ
826 2647 847 2679 9
870 2651 1083 2683 munerator
1106 2654 1139 2681 Ν
1154 2646 1165 2691 ΙΙ
1190 2646 1338 2685 bustum
1361 2647 1505 2683 fecisset
1528 2648 1676 2693 scrt'pm':
1709 2653 1787 2682 tum

246 2701 374 2738 fuisset
388 2709 426 2742 B,
453 2701 583 2737 fuisset
603 2702 663 2747 Νη
684 2704 724 2736 10
752 2701 960 2741 consulares
977 2702 1037 2747 Nu
1054 2702 1260 2749 appennino
1275 2711 1309 2738 Ν
1322 2703 1334 2749 ΙΙ
1355 2706 1392 2738 11
1414 2704 1630 2749 percoecidit
1653 2711 1683 2737 Ν
1700 2703 1712 2748 u
1729 2702 1789 2748 gai

247 2757 339 2793 cassi
351 2765 386 2792 Ν
399 2757 412 2803 ΙΙ
433 2759 473 2792 12
490 2769 639 2795 romana
653 2759 738 2804 ΒΝΙ
759 2760 801 2795 13
816 2757 926 2795 etiam
941 2766 977 2793 Ν
991 2759 1066 2805 ”14
1080 2759 1356 2806 consurgiturzv
1370 2760 1382 2806 ss
1404 2763 1444 2794 16
1453 2759 1631 2794 bruttium
1645 2765 1671 2792 B
1688 2757 1701 2802 ΙΙ
1717 2757 1790 2792 fusi

245 2820 272 2849 B
288 2812 300 2857 ΙΙ
321 2814 362 2847 18
378 2814 543 2852 trabibus
556 2823 584 2853 B
602 2815 613 2860 ΙΙ
631 2814 730 2851 dolia
750 2823 776 2851 Β
794 2814 807 2860 ΙΙ
823 2814 863 2850 in
878 2815 1110 2861 rapidissimo
1123 2823 1158 2850 Ν
1172 2815 1183 2860 ΙΙ
1205 2817 1245 2850 19
1263 2815 1487 2861 experiretur
1508 2822 1534 2849 B
1552 2815 1563 2859 Η
1581 2813 1729 2858 dignam
1748 2833 1786 2838 —-

248 2871 532 2915 ¹¹²⁰WNH21
560 2876 753 2918 spartagus
777 2871 834 2916 ΒΙΙ
860 2871 1000 2909 nemine
1025 2872 1140 2917 31124
1167 2872 1238 2907 iam
1263 2872 1440 2917 utNu25
1465 2870 1579 2906 talum
1602 2868 1790 2904 Freinshe-

250 2923 342 2958 mim
358 2925 371 2969 ὓ
389 2927 433 2960 26
450 2937 558 2962 arena
574 2935 599 2962 Β
616 2928 627 2973 [Ι
647 2930 690 2963 28
708 2927 812 2962 malis
828 2935 862 2962 Ν
875 2928 887 2973 ΙΙ
905 2939 987 2963 cum
1002 2935 1037 2964 Ν
1051 2928 1063 2973 ΙΙ
