<?xml version="1.0" encoding="UTF-8"?>
<!DOCTYPE html PUBLIC "-//W3C//DTD XHTML 1.0 Transitional//EN"
    "http://www.w3.org/TR/xhtml1/DTD/xhtml1-transitional.dtd">
<html xmlns="http://www.w3.org/1999/xhtml" xml:lang="en" lang="en">
 <head>
  <title>
</title>
<meta http-equiv="Content-Type" content="text/html;charset=utf-8" />
  <meta name='ocr-system' content='tesseract 3.04.00' />
  <meta name='ocr-capabilities' content='ocr_page ocr_carea ocr_par ocr_line ocrx_word'/>
</head>
<body>
  <div class='ocr_page' id='page_1' title='image "./epitomaedetitol00floruoft_0142.png"; bbox 0 0 2002 3320; ppageno 0'>
   <div class='ocr_carea' id='block_1_1' title="bbox 261 214 1155 256">
    <p class='ocr_par' dir='ltr' id='par_1_1' title="bbox 261 214 1155 256">
     <span class='ocr_line' id='line_1_1' title="bbox 261 214 1155 256; baseline 0.002 -2"><span class='ocrx_word' id='word_1_1' title='bbox 261 214 328 254; x_wconf 87' lang='lat'><strong>88-</strong></span> <span class='ocrx_word' id='word_1_2' title='bbox 911 228 1003 256; x_wconf 51' lang='lat' dir='ltr'>1v111</span> <span class='ocrx_word' id='word_1_3' title='bbox 1026 228 1155 256; x_wconf 78' lang='lat' dir='ltr'><strong>FLom</strong></span> 
     </span>
    </p>
   </div>
   <div class='ocr_carea' id='block_1_2' title="bbox 255 325 1862 2410">
    <p class='ocr_par' dir='ltr' id='par_1_2' title="bbox 258 325 1794 519">
     <span class='ocr_line' id='line_1_2' title="bbox 259 325 1793 380; baseline 0.001 -14"><span class='ocrx_word' id='word_1_4' title='bbox 259 326 364 367; x_wconf 89' lang='lat' dir='ltr'><strong>nus!</strong></span> <span class='ocrx_word' id='word_1_5' title='bbox 393 350 438 356; x_wconf 64' lang='lat'><strong>„-</strong></span> <span class='ocrx_word' id='word_1_6' title='bbox 465 326 539 380; x_wconf 91' lang='lat' dir='ltr'><strong>qui</strong></span> <span class='ocrx_word' id='word_1_7' title='bbox 560 325 664 367; x_wconf 86' lang='lat' dir='ltr'><strong>uiri!</strong></span> <span class='ocrx_word' id='word_1_8' title='bbox 699 325 773 380; x_wconf 91' lang='lat' dir='ltr'><strong>qui</strong></span> <span class='ocrx_word' id='word_1_9' title='bbox 792 325 1088 380; x_wconf 85' lang='lat' dir='ltr'><strong>imperatores!</strong></span> <span class='ocrx_word' id='word_1_10' title='bbox 1122 328 1273 368; x_wconf 89' lang='lat' dir='ltr'><strong>decora</strong></span> <span class='ocrx_word' id='word_1_11' title='bbox 1302 333 1344 368; x_wconf 90' lang='lat' dir='ltr'><strong>et</strong></span> <span class='ocrx_word' id='word_1_12' title='bbox 1365 332 1615 368; x_wconf 88' lang='lat' dir='ltr'><strong>ornamenta</strong></span> <span class='ocrx_word' id='word_1_13' title='bbox 1635 326 1793 368; x_wconf 82' lang='lat' dir='ltr'><strong>saeculi</strong></span> 
     </span>
     <span class='ocr_line' id='line_1_3' title="bbox 260 386 1794 451; baseline 0.001 -15"><span class='ocrx_word' id='word_1_14' title='bbox 260 395 352 445; x_wconf 88' lang='lat' dir='ltr'><strong>sui,</strong></span> <span class='ocrx_word' id='word_1_15' title='bbox 385 396 550 436; x_wconf 89' lang='lat' dir='ltr'><strong>Marius</strong></span> <span class='ocrx_word' id='word_1_16' title='bbox 571 402 613 436; x_wconf 91' lang='lat' dir='ltr'><strong>et</strong></span> <span class='ocrx_word' id='word_1_17' title='bbox 635 396 781 445; x_wconf 81' lang='lat' dir='ltr'><strong>Sulla,</strong></span> <span class='ocrx_word' id='word_1_18' title='bbox 812 396 996 450; x_wconf 90' lang='lat' dir='ltr'><strong>pessimo</strong></span> <span class='ocrx_word' id='word_1_19' title='bbox 1024 395 1202 437; x_wconf 80' lang='lat' dir='ltr'><strong>facinori</strong></span> <span class='ocrx_word' id='word_1_20' title='bbox 1231 411 1352 437; x_wconf 86' lang='lat' dir='ltr'><strong>suam</strong></span> <span class='ocrx_word' id='word_1_21' title='bbox 1381 386 1510 438; x_wconf 85' lang='lat' dir='ltr'><strong>etiam</strong></span> <span class='ocrx_word' id='word_1_22' title='bbox 1539 396 1794 451; x_wconf 86' lang='lat' dir='ltr'><strong>dignitatem</strong></span> 
     </span>
     <span class='ocr_line' id='line_1_4' title="bbox 258 467 559 519; baseline -0.003 -13"><span class='ocrx_word' id='word_1_23' title='bbox 258 467 559 519; x_wconf 89' lang='lat' dir='ltr'><strong>praebuerunt.</strong></span> 
     </span>
    </p>

    <p class='ocr_par' dir='ltr' id='par_1_3' title="bbox 257 534 1861 1080">
     <span class='ocr_line' id='line_1_5' title="bbox 373 534 1791 587; baseline 0.002 -11"><span class='ocrx_word' id='word_1_24' title='bbox 373 535 544 576; x_wconf 90' lang='lat' dir='ltr'><strong>Bellum</strong></span> <span class='ocrx_word' id='word_1_25' title='bbox 565 534 692 576; x_wconf 90' lang='lat' dir='ltr'><strong>ciuile</strong></span> <span class='ocrx_word' id='word_1_26' title='bbox 713 536 960 577; x_wconf 87' lang='lat' dir='ltr'><strong>Marianum</strong></span> <span class='ocrx_word' id='word_1_27' title='bbox 981 535 1072 576; x_wconf 87' lang='lat' dir='ltr'><strong>siue</strong></span> <span class='ocrx_word' id='word_1_28' title='bbox 1096 536 1324 577; x_wconf 89' lang='lat' dir='ltr'><strong>Sullanum</strong></span> <span class='ocrx_word' id='word_1_29' title='bbox 1344 537 1503 587; x_wconf 84' lang='lat' dir='ltr'><strong>tribus,</strong></span> <span class='ocrx_word' id='word_1_30' title='bbox 1525 544 1576 578; x_wconf 93' lang='lat' dir='ltr'><strong>ut</strong></span> <span class='ocrx_word' id='word_1_31' title='bbox 1595 537 1655 579; x_wconf 87' lang='lat' dir='ltr'><strong>sic</strong></span> <span class='ocrx_word' id='word_1_32' title='bbox 1675 537 1791 578; x_wconf 88' lang='lat' dir='ltr'><strong>dixe-</strong></span> 
     </span>
     <span class='ocr_line' id='line_1_6' title="bbox 258 605 1843 660; baseline 0.001 -14"><span class='ocrx_word' id='word_1_33' title='bbox 258 605 364 654; x_wconf 86' lang='lat' dir='ltr'><strong>rim,</strong></span> <span class='ocrx_word' id='word_1_34' title='bbox 403 605 611 646; x_wconf 87' lang='lat' dir='ltr'><strong>sideribus</strong></span> <span class='ocrx_word' id='word_1_35' title='bbox 643 605 854 660; x_wconf 85' lang='lat' dir='ltr'><strong>agitatum</strong></span> <span class='ocrx_word' id='word_1_36' title='bbox 885 613 963 647; x_wconf 90' lang='lat' dir='ltr'><strong>est.</strong></span> <span class='ocrx_word' id='word_1_37' title='bbox 1005 605 1192 660; x_wconf 89' lang='lat' dir='ltr'><strong>primum</strong></span> <span class='ocrx_word' id='word_1_38' title='bbox 1220 606 1307 646; x_wconf 90' lang='lat' dir='ltr'><strong>leui</strong></span> <span class='ocrx_word' id='word_1_39' title='bbox 1338 613 1380 647; x_wconf 94' lang='lat' dir='ltr'><strong>et</strong></span> <span class='ocrx_word' id='word_1_40' title='bbox 1407 607 1572 648; x_wconf 85' lang='lat' dir='ltr'><strong>modico</strong></span> <span class='ocrx_word' id='word_1_41' title='bbox 1602 608 1794 649; x_wconf 85' lang='lat' dir='ltr'><strong>tumultu</strong></span> <span class='ocrx_word' id='word_1_42' title='bbox 1824 616 1843 647; x_wconf 90' lang='lat'>5</span> 
     </span>
     <span class='ocr_line' id='line_1_7' title="bbox 257 675 1790 730; baseline 0.003 -14"><span class='ocrx_word' id='word_1_43' title='bbox 257 675 416 716; x_wconf 89' lang='lat' dir='ltr'><strong>maiore</strong></span> <span class='ocrx_word' id='word_1_44' title='bbox 447 691 576 730; x_wconf 88' lang='lat' dir='ltr'><strong>quam</strong></span> <span class='ocrx_word' id='word_1_45' title='bbox 603 675 741 726; x_wconf 89' lang='lat' dir='ltr'><strong>bello,</strong></span> <span class='ocrx_word' id='word_1_46' title='bbox 779 676 894 717; x_wconf 89' lang='lat' dir='ltr'><strong>intra</strong></span> <span class='ocrx_word' id='word_1_47' title='bbox 921 676 1034 730; x_wconf 90' lang='lat' dir='ltr'><strong>ipsos</strong></span> <span class='ocrx_word' id='word_1_48' title='bbox 1065 677 1289 717; x_wconf 87' lang='lat' dir='ltr'><strong>dumtaxat</strong></span> <span class='ocrx_word' id='word_1_49' title='bbox 1311 691 1524 718; x_wconf 89' lang='lat' dir='ltr'><strong>armorum</strong></span> <span class='ocrx_word' id='word_1_50' title='bbox 1544 679 1672 720; x_wconf 88' lang='lat' dir='ltr'><strong>duces</strong></span> <span class='ocrx_word' id='word_1_51' title='bbox 1693 679 1790 720; x_wconf 91' lang='lat' dir='ltr'><strong>sub-</strong></span> 
     </span>
     <span class='ocr_line' id='line_1_8' title="bbox 259 745 1792 802; baseline 0.001 -16"><span class='ocrx_word' id='word_1_52' title='bbox 259 745 436 786; x_wconf 82' lang='lat' dir='ltr'><strong>sistente</strong></span> <span class='ocrx_word' id='word_1_53' title='bbox 457 746 661 796; x_wconf 83' lang='lat' dir='ltr'><strong>saeuitia3</strong></span> <span class='ocrx_word' id='word_1_54' title='bbox 694 761 795 787; x_wconf 88' lang='lat' dir='ltr'><strong>mox</strong></span> <span class='ocrx_word' id='word_1_55' title='bbox 826 746 1008 788; x_wconf 86' lang='lat' dir='ltr'><strong>atrocius</strong></span> <span class='ocrx_word' id='word_1_56' title='bbox 1040 753 1082 786; x_wconf 88' lang='lat' dir='ltr'><strong>et</strong></span> <span class='ocrx_word' id='word_1_57' title='bbox 1111 746 1329 788; x_wconf 81' lang='lat' dir='ltr'><strong>cruentius</strong></span> <span class='ocrx_word' id='word_1_58' title='bbox 1358 761 1433 802; x_wconf 90' lang='lat' dir='ltr'><strong>per</strong></span> <span class='ocrx_word' id='word_1_59' title='bbox 1462 747 1598 802; x_wconf 90' lang='lat' dir='ltr'><strong>ipsius</strong></span> <span class='ocrx_word' id='word_1_60' title='bbox 1626 747 1792 788; x_wconf 87' lang='lat' dir='ltr'><strong>uiscera</strong></span> 
     </span>
     <span class='ocr_line' id='line_1_9' title="bbox 258 816 1789 875; baseline 0.001 -20"><span class='ocrx_word' id='word_1_61' title='bbox 258 822 432 856; x_wconf 87' lang='lat' dir='ltr'><strong>senatus</strong></span> <span class='ocrx_word' id='word_1_62' title='bbox 453 824 674 875; x_wconf 73' lang='lat' dir='ltr'><strong>grassante</strong></span> <span class='ocrx_word' id='word_1_63' title='bbox 695 816 898 866; x_wconf 89' lang='lat' dir='ltr'><strong>uictoria;</strong></span> <span class='ocrx_word' id='word_1_64' title='bbox 932 817 1086 857; x_wconf 90' lang='lat' dir='ltr'><strong>ultimo</strong></span> <span class='ocrx_word' id='word_1_65' title='bbox 1105 831 1193 857; x_wconf 90' lang='lat' dir='ltr'><strong>non</strong></span> <span class='ocrx_word' id='word_1_66' title='bbox 1222 816 1402 858; x_wconf 88' lang='lat' dir='ltr'><strong>ciuicam</strong></span> <span class='ocrx_word' id='word_1_67' title='bbox 1430 819 1581 867; x_wconf 89' lang='lat' dir='ltr'><strong>modo,</strong></span> <span class='ocrx_word' id='word_1_68' title='bbox 1613 819 1687 859; x_wconf 91' lang='lat' dir='ltr'><strong>sed</strong></span> <span class='ocrx_word' id='word_1_69' title='bbox 1715 817 1789 858; x_wconf 92' lang='lat' dir='ltr'><strong>ho—</strong></span> 
     </span>
     <span class='ocr_line' id='line_1_10' title="bbox 259 885 1791 941; baseline 0.001 -15"><span class='ocrx_word' id='word_1_70' title='bbox 259 885 400 926; x_wconf 88' lang='lat' dir='ltr'><strong>stilem</strong></span> <span class='ocrx_word' id='word_1_71' title='bbox 431 901 598 940; x_wconf 87' lang='lat' dir='ltr'><strong>quoque</strong></span> <span class='ocrx_word' id='word_1_72' title='bbox 627 886 789 927; x_wconf 84' lang='lat' dir='ltr'>rabiem</span> <span class='ocrx_word' id='word_1_73' title='bbox 819 901 1141 941; x_wconf 83' lang='lat' dir='ltr'><strong>supergressum</strong></span> <span class='ocrx_word' id='word_1_74' title='bbox 1171 893 1259 936; x_wconf 85' lang='lat' dir='ltr'><strong>est,</strong></span> <span class='ocrx_word' id='word_1_75' title='bbox 1302 901 1401 927; x_wconf 88' lang='lat' dir='ltr'><strong>cum</strong></span> <span class='ocrx_word' id='word_1_76' title='bbox 1435 902 1649 928; x_wconf 90' lang='lat' dir='ltr'><strong>armorum</strong></span> <span class='ocrx_word' id='word_1_77' title='bbox 1675 887 1791 928; x_wconf 82' lang='lat' dir='ltr'><strong>furor</strong></span> 
     </span>
     <span class='ocr_line' id='line_1_11' title="bbox 258 955 1861 1011; baseline 0.001 -16"><span class='ocrx_word' id='word_1_78' title='bbox 258 955 389 996; x_wconf 88' lang='lat' dir='ltr'><strong>totius</strong></span> <span class='ocrx_word' id='word_1_79' title='bbox 411 956 563 997; x_wconf 89' lang='lat' dir='ltr'><strong>Italiae</strong></span> <span class='ocrx_word' id='word_1_80' title='bbox 584 956 749 998; x_wconf 87' lang='lat' dir='ltr'><strong>uiribus</strong></span> <span class='ocrx_word' id='word_1_81' title='bbox 770 957 1004 1007; x_wconf 79' lang='lat' dir='ltr'><strong>niteretur,</strong></span> <span class='ocrx_word' id='word_1_82' title='bbox 1030 971 1078 997; x_wconf 92' lang='lat' dir='ltr'><strong>eo</strong></span> <span class='ocrx_word' id='word_1_83' title='bbox 1099 971 1235 1011; x_wconf 90' lang='lat' dir='ltr'><strong>usque</strong></span> <span class='ocrx_word' id='word_1_84' title='bbox 1257 957 1363 998; x_wconf 87' lang='lat' dir='ltr'><strong>odiis</strong></span> <span class='ocrx_word' id='word_1_85' title='bbox 1385 956 1675 998; x_wconf 88' lang='lat' dir='ltr'><strong>saeuientibus</strong></span> <span class='ocrx_word' id='word_1_86' title='bbox 1695 971 1788 1011; x_wconf 90' lang='lat' dir='ltr'><strong>per·</strong></span> <span class='ocrx_word' id='word_1_87' title='bbox 1820 964 1861 996; x_wconf 89' lang='lat'><strong>10</strong></span> 
     </span>
     <span class='ocr_line' id='line_1_12' title="bbox 258 1026 1343 1080; baseline 0.001 -14"><span class='ocrx_word' id='word_1_88' title='bbox 258 1033 403 1066; x_wconf 86' lang='lat' dir='ltr'><strong>actum</strong></span> <span class='ocrx_word' id='word_1_89' title='bbox 424 1033 512 1076; x_wconf 90' lang='lat' dir='ltr'><strong>est,</strong></span> <span class='ocrx_word' id='word_1_90' title='bbox 537 1027 670 1067; x_wconf 89' lang='lat' dir='ltr'><strong>donec</strong></span> <span class='ocrx_word' id='word_1_91' title='bbox 691 1027 887 1068; x_wconf 84' lang='lat' dir='ltr'><strong>deessent</strong></span> <span class='ocrx_word' id='word_1_92' title='bbox 900 1058 913 1076; x_wconf 91' lang='lat'><strong>,</strong></span> <span class='ocrx_word' id='word_1_93' title='bbox 943 1026 1017 1080; x_wconf 90' lang='lat' dir='ltr'><strong>qui</strong></span> <span class='ocrx_word' id='word_1_94' title='bbox 1037 1026 1343 1068; x_wconf 82' lang='lat' dir='ltr'><strong>occiderentur.</strong></span> 
     </span>
    </p>

    <p class='ocr_par' dir='ltr' id='par_1_4' title="bbox 255 1096 1862 1908">
     <span class='ocr_line' id='line_1_13' title="bbox 372 1096 1788 1151; baseline 0.001 -15"><span class='ocrx_word' id='word_1_95' title='bbox 372 1096 555 1137; x_wconf 88' lang='lat' dir='ltr'><strong>Initium</strong></span> <span class='ocrx_word' id='word_1_96' title='bbox 584 1103 626 1137; x_wconf 90' lang='lat' dir='ltr'><strong>et</strong></span> <span class='ocrx_word' id='word_1_97' title='bbox 655 1111 785 1137; x_wconf 89' lang='lat' dir='ltr'><strong>causa</strong></span> <span class='ocrx_word' id='word_1_98' title='bbox 810 1097 914 1137; x_wconf 88' lang='lat' dir='ltr'><strong>belli</strong></span> <span class='ocrx_word' id='word_1_99' title='bbox 943 1096 1214 1151; x_wconf 87' lang='lat' dir='ltr'><strong>inexplebilis</strong></span> <span class='ocrx_word' id='word_1_100' title='bbox 1244 1097 1455 1138; x_wconf 91' lang='lat' dir='ltr'><strong>honorum</strong></span> <span class='ocrx_word' id='word_1_101' title='bbox 1483 1097 1612 1138; x_wconf 91' lang='lat' dir='ltr'><strong>Marii</strong></span> <span class='ocrx_word' id='word_1_102' title='bbox 1638 1097 1788 1146; x_wconf 89' lang='lat' dir='ltr'><strong>fames,</strong></span> 
     </span>
     <span class='ocr_line' id='line_1_14' title="bbox 256 1166 1790 1221; baseline 0 -14"><span class='ocrx_word' id='word_1_103' title='bbox 256 1167 361 1207; x_wconf 91' lang='lat' dir='ltr'><strong>dum</strong></span> <span class='ocrx_word' id='word_1_104' title='bbox 395 1168 607 1207; x_wconf 86' lang='lat' dir='ltr'><strong>decretam</strong></span> <span class='ocrx_word' id='word_1_105' title='bbox 644 1166 790 1207; x_wconf 86' lang='lat' dir='ltr'><strong>Sullae</strong></span> <span class='ocrx_word' id='word_1_106' title='bbox 826 1166 1092 1220; x_wconf 89' lang='lat' dir='ltr'><strong>prouinciam</strong></span> <span class='ocrx_word' id='word_1_107' title='bbox 1121 1166 1311 1220; x_wconf 87' lang='lat' dir='ltr'><strong>Sulpicia</strong></span> <span class='ocrx_word' id='word_1_108' title='bbox 1338 1167 1432 1221; x_wconf 86' lang='lat' dir='ltr'><strong>lege</strong></span> <span class='ocrx_word' id='word_1_109' title='bbox 1460 1166 1674 1208; x_wconf 88' lang='lat' dir='ltr'><strong>sollicitat.</strong></span> <span class='ocrx_word' id='word_1_110' title='bbox 1715 1168 1790 1208; x_wconf 89' lang='lat' dir='ltr'><strong>sed</strong></span> 
     </span>
     <span class='ocr_line' id='line_1_15' title="bbox 256 1236 1789 1291; baseline 0.001 -15"><span class='ocrx_word' id='word_1_111' title='bbox 256 1236 470 1291; x_wconf 85' lang='lat' dir='ltr'><strong>inpatiens</strong></span> <span class='ocrx_word' id='word_1_112' title='bbox 505 1236 687 1277; x_wconf 89' lang='lat' dir='ltr'><strong>iniuriae</strong></span> <span class='ocrx_word' id='word_1_113' title='bbox 717 1236 861 1277; x_wconf 86' lang='lat' dir='ltr'><strong>statim</strong></span> <span class='ocrx_word' id='word_1_114' title='bbox 889 1237 1012 1277; x_wconf 88' lang='lat' dir='ltr'><strong>Sulla</strong></span> <span class='ocrx_word' id='word_1_115' title='bbox 1039 1236 1229 1290; x_wconf 85' lang='lat' dir='ltr'><strong>legiones</strong></span> <span class='ocrx_word' id='word_1_116' title='bbox 1259 1236 1534 1291; x_wconf 86' lang='lat' dir='ltr'><strong>circumegit,</strong></span> <span class='ocrx_word' id='word_1_117' title='bbox 1572 1237 1789 1291; x_wconf 89' lang='lat' dir='ltr'><strong>dilatoque</strong></span> 
     </span>
     <span class='ocr_line' id='line_1_16' title="bbox 257 1306 1861 1360; baseline 0.001 -14"><span class='ocrx_word' id='word_1_118' title='bbox 257 1306 511 1347; x_wconf 88' lang='lat' dir='ltr'><strong>Mithridate</strong></span> <span class='ocrx_word' id='word_1_119' title='bbox 547 1306 773 1360; x_wconf 87' lang='lat' dir='ltr'><strong>Esquilina</strong></span> <span class='ocrx_word' id='word_1_120' title='bbox 807 1306 1060 1360; x_wconf 77' lang='lat' dir='ltr'><strong>Collinaque</strong></span> <span class='ocrx_word' id='word_1_121' title='bbox 1094 1313 1217 1360; x_wconf 90' lang='lat' dir='ltr'><strong>porta</strong></span> <span class='ocrx_word' id='word_1_122' title='bbox 1250 1307 1472 1360; x_wconf 87' lang='lat' dir='ltr'><strong>geminum</strong></span> <span class='ocrx_word' id='word_1_123' title='bbox 1507 1321 1660 1360; x_wconf 85' lang='lat' dir='ltr'><strong>agmen</strong></span> <span class='ocrx_word' id='word_1_124' title='bbox 1694 1306 1791 1347; x_wconf 87' lang='lat' dir='ltr'><strong>urbi</strong></span> <span class='ocrx_word' id='word_1_125' title='bbox 1818 1315 1861 1347; x_wconf 89' lang='lat'><strong>15</strong></span> 
     </span>
     <span class='ocr_line' id='line_1_17' title="bbox 257 1372 1791 1431; baseline 0.001 -15"><span class='ocrx_word' id='word_1_126' title='bbox 257 1375 430 1416; x_wconf 90' lang='lat' dir='ltr'><strong>infudit.</strong></span> <span class='ocrx_word' id='word_1_127' title='bbox 463 1376 564 1417; x_wconf 91' lang='lat' dir='ltr'><strong>inde</strong></span> <span class='ocrx_word' id='word_1_128' title='bbox 585 1391 685 1416; x_wconf 90' lang='lat' dir='ltr'><strong>cum</strong></span> <span class='ocrx_word' id='word_1_129' title='bbox 705 1376 901 1416; x_wconf 92' lang='lat' dir='ltr'><strong>consules</strong></span> <span class='ocrx_word' id='word_1_130' title='bbox 919 1372 1137 1431; x_wconf 81' lang='lat' dir='ltr'><strong>Sulpicius</strong></span> <span class='ocrx_word' id='word_1_131' title='bbox 1159 1382 1202 1416; x_wconf 93' lang='lat' dir='ltr'><strong>et</strong></span> <span class='ocrx_word' id='word_1_132' title='bbox 1216 1376 1517 1417; x_wconf 88' lang='lat' dir='ltr'><strong>Albinouanus</strong></span> <span class='ocrx_word' id='word_1_133' title='bbox 1538 1376 1791 1418; x_wconf 90' lang='lat' dir='ltr'><strong>obiecissent</strong></span> 
     </span>
     <span class='ocr_line' id='line_1_18' title="bbox 257 1445 1788 1499; baseline 0.001 -14"><span class='ocrx_word' id='word_1_134' title='bbox 257 1452 449 1487; x_wconf 84' lang='lat' dir='ltr'><strong>cateruas</strong></span> <span class='ocrx_word' id='word_1_135' title='bbox 480 1461 578 1487; x_wconf 86' lang='lat' dir='ltr'><strong>suas</strong></span> <span class='ocrx_word' id='word_1_136' title='bbox 592 1479 604 1496; x_wconf 90' lang='lat'><em>‚</em></span> <span class='ocrx_word' id='word_1_137' title='bbox 638 1453 681 1486; x_wconf 89' lang='lat' dir='ltr'><strong>et</strong></span> <span class='ocrx_word' id='word_1_138' title='bbox 711 1460 813 1487; x_wconf 85' lang='lat' dir='ltr'><strong>saxa</strong></span> <span class='ocrx_word' id='word_1_139' title='bbox 842 1445 1034 1499; x_wconf 90' lang='lat' dir='ltr'><strong>undique</strong></span> <span class='ocrx_word' id='word_1_140' title='bbox 1064 1460 1089 1486; x_wconf 88' lang='lat' dir='ltr'><strong>a</strong></span> <span class='ocrx_word' id='word_1_141' title='bbox 1108 1445 1330 1487; x_wconf 86' lang='lat' dir='ltr'><strong>moenibus</strong></span> <span class='ocrx_word' id='word_1_142' title='bbox 1352 1461 1400 1487; x_wconf 88' lang='lat' dir='ltr'><strong>ac</strong></span> <span class='ocrx_word' id='word_1_143' title='bbox 1430 1447 1516 1487; x_wconf 92' lang='lat' dir='ltr'><strong>tela</strong></span> <span class='ocrx_word' id='word_1_144' title='bbox 1535 1446 1788 1496; x_wconf 83' lang='lat' dir='ltr'><strong>iacerentur,</strong></span> 
     </span>
     <span class='ocr_line' id='line_1_19' title="bbox 256 1515 1789 1570; baseline 0 -14"><span class='ocrx_word' id='word_1_145' title='bbox 256 1515 347 1570; x_wconf 91' lang='lat' dir='ltr'><strong>ipse</strong></span> <span class='ocrx_word' id='word_1_146' title='bbox 377 1531 544 1570; x_wconf 89' lang='lat' dir='ltr'><strong>quoque</strong></span> <span class='ocrx_word' id='word_1_147' title='bbox 573 1516 786 1557; x_wconf 90' lang='lat' dir='ltr'><strong>iaculatus</strong></span> <span class='ocrx_word' id='word_1_148' title='bbox 816 1515 1016 1556; x_wconf 88' lang='lat' dir='ltr'><strong>incendia</strong></span> <span class='ocrx_word' id='word_1_149' title='bbox 1044 1515 1162 1556; x_wconf 84' lang='lat' dir='ltr'><strong>uiam</strong></span> <span class='ocrx_word' id='word_1_150' title='bbox 1190 1516 1291 1557; x_wconf 90' lang='lat' dir='ltr'><strong>fecit</strong></span> <span class='ocrx_word' id='word_1_151' title='bbox 1320 1531 1542 1570; x_wconf 86' lang='lat' dir='ltr'><strong>arcemque</strong></span> <span class='ocrx_word' id='word_1_152' title='bbox 1571 1515 1789 1570; x_wconf 89' lang='lat' dir='ltr'><strong>Capitolii,</strong></span> 
     </span>
     <span class='ocr_line' id='line_1_20' title="bbox 257 1585 1790 1645; baseline 0 -19"><span class='ocrx_word' id='word_1_153' title='bbox 257 1600 365 1640; x_wconf 88' lang='lat' dir='ltr'><strong>quae</strong></span> <span class='ocrx_word' id='word_1_154' title='bbox 387 1588 580 1636; x_wconf 87' lang='lat' dir='ltr'><strong>Poenos,</strong></span> <span class='ocrx_word' id='word_1_155' title='bbox 611 1601 720 1640; x_wconf 89' lang='lat' dir='ltr'><strong>quae</strong></span> <span class='ocrx_word' id='word_1_156' title='bbox 741 1585 890 1645; x_wconf 79' lang='lat' dir='ltr'><strong>Gallos</strong></span> <span class='ocrx_word' id='word_1_157' title='bbox 913 1585 1042 1626; x_wconf 87' lang='lat' dir='ltr'><strong>etiam</strong></span> <span class='ocrx_word' id='word_1_158' title='bbox 1064 1586 1254 1627; x_wconf 83' lang='lat' dir='ltr'><strong>Senonas</strong></span> <span class='ocrx_word' id='word_1_159' title='bbox 1277 1594 1493 1636; x_wconf 85' lang='lat' dir='ltr'><strong>euaserat,</strong></span> <span class='ocrx_word' id='word_1_160' title='bbox 1518 1586 1639 1640; x_wconf 89' lang='lat' dir='ltr'><strong>quasi</strong></span> <span class='ocrx_word' id='word_1_161' title='bbox 1659 1585 1790 1640; x_wconf 87' lang='lat' dir='ltr'><strong>capti-</strong></span> 
     </span>
     <span class='ocr_line' id='line_1_21' title="bbox 256 1656 1862 1697; baseline 0.001 -1"><span class='ocrx_word' id='word_1_162' title='bbox 256 1670 358 1696; x_wconf 86' lang='lat' dir='ltr'><strong>uam</strong></span> <span class='ocrx_word' id='word_1_163' title='bbox 377 1656 514 1697; x_wconf 89' lang='lat' dir='ltr'><strong>uictor</strong></span> <span class='ocrx_word' id='word_1_164' title='bbox 533 1656 704 1697; x_wconf 91' lang='lat' dir='ltr'><strong>insedit.</strong></span> <span class='ocrx_word' id='word_1_165' title='bbox 737 1663 829 1696; x_wconf 86' lang='lat' dir='ltr'><strong>tum</strong></span> <span class='ocrx_word' id='word_1_166' title='bbox 844 1670 898 1696; x_wconf 88' lang='lat' dir='ltr'><strong>ex</strong></span> <span class='ocrx_word' id='word_1_167' title='bbox 913 1656 1108 1696; x_wconf 83' lang='lat' dir='ltr'><strong>consulto</strong></span> <span class='ocrx_word' id='word_1_168' title='bbox 1130 1662 1303 1697; x_wconf 90' lang='lat' dir='ltr'><strong>senatus</strong></span> <span class='ocrx_word' id='word_1_169' title='bbox 1324 1656 1575 1697; x_wconf 88' lang='lat' dir='ltr'><strong>aduersariis</strong></span> <span class='ocrx_word' id='word_1_170' title='bbox 1595 1656 1790 1697; x_wconf 87' lang='lat' dir='ltr'><strong>hostibus</strong></span> <span class='ocrx_word' id='word_1_171' title='bbox 1819 1663 1862 1696; x_wconf 89' lang='grc'>20</span> 
     </span>
     <span class='ocr_line' id='line_1_22' title="bbox 255 1725 1790 1780; baseline 0 -14"><span class='ocrx_word' id='word_1_172' title='bbox 255 1725 454 1767; x_wconf 88' lang='lat' dir='ltr'><strong>iudicatis</strong></span> <span class='ocrx_word' id='word_1_173' title='bbox 490 1726 536 1766; x_wconf 90' lang='lat' dir='ltr'><strong>in</strong></span> <span class='ocrx_word' id='word_1_174' title='bbox 571 1733 842 1780; x_wconf 89' lang='lat' dir='ltr'><strong>praesentem</strong></span> <span class='ocrx_word' id='word_1_175' title='bbox 882 1725 1105 1767; x_wconf 86' lang='lat' dir='ltr'><strong>tribunum</strong></span> <span class='ocrx_word' id='word_1_176' title='bbox 1140 1726 1330 1780; x_wconf 81' lang='lat' dir='ltr'><strong>aliosque</strong></span> <span class='ocrx_word' id='word_1_177' title='bbox 1367 1726 1559 1768; x_wconf 88' lang='lat' dir='ltr'><strong>diuersae</strong></span> <span class='ocrx_word' id='word_1_178' title='bbox 1593 1725 1790 1767; x_wconf 88' lang='lat' dir='ltr'><strong>factionis</strong></span> 
     </span>
     <span class='ocr_line' id='line_1_23' title="bbox 256 1795 1792 1850; baseline 0.001 -14"><span class='ocrx_word' id='word_1_179' title='bbox 256 1797 347 1836; x_wconf 93' lang='lat' dir='ltr'><strong>iure</strong></span> <span class='ocrx_word' id='word_1_180' title='bbox 369 1796 582 1837; x_wconf 89' lang='lat' dir='ltr'><strong>saeuitum</strong></span> <span class='ocrx_word' id='word_1_181' title='bbox 602 1803 686 1845; x_wconf 87' lang='lat' dir='ltr'><strong>est;</strong></span> <span class='ocrx_word' id='word_1_182' title='bbox 722 1796 911 1837; x_wconf 90' lang='lat' dir='ltr'><strong>Marium</strong></span> <span class='ocrx_word' id='word_1_183' title='bbox 932 1795 1096 1836; x_wconf 87' lang='lat' dir='ltr'><strong>seruilis</strong></span> <span class='ocrx_word' id='word_1_184' title='bbox 1117 1796 1221 1850; x_wconf 87' lang='lat' dir='ltr'><strong>fuga</strong></span> <span class='ocrx_word' id='word_1_185' title='bbox 1250 1796 1432 1846; x_wconf 83' lang='lat' dir='ltr'><strong>exemit,</strong></span> <span class='ocrx_word' id='word_1_186' title='bbox 1462 1795 1593 1837; x_wconf 91' lang='lat' dir='ltr'><strong>immo</strong></span> <span class='ocrx_word' id='word_1_187' title='bbox 1619 1796 1792 1838; x_wconf 82' lang='lat' dir='ltr'><strong>fortuna</strong></span> 
     </span>
     <span class='ocr_line' id='line_1_24' title="bbox 257 1862 1632 1908; baseline 0 -1"><span class='ocrx_word' id='word_1_188' title='bbox 257 1866 379 1908; x_wconf 89' lang='lat' dir='ltr'><strong>alteri</strong></span> <span class='ocrx_word' id='word_1_189' title='bbox 398 1867 511 1907; x_wconf 93' lang='lat' dir='ltr'><strong>bello</strong></span> <span class='ocrx_word' id='word_1_190' title='bbox 530 1866 781 1907; x_wconf 88' lang='lat' dir='ltr'><strong>reseruauit.</strong></span> <span class='ocrx_word' id='word_1_191' title='bbox 1630 1862 1632 1864; x_wconf 36' lang='lat'>¹</span> 
     </span>
    </p>

    <p class='ocr_par' dir='ltr' id='par_1_5' title="bbox 255 1935 1862 2410">
     <span class='ocr_line' id='line_1_25' title="bbox 371 1935 1790 1978; baseline 0.001 -1"><span class='ocrx_word' id='word_1_192' title='bbox 371 1935 569 1977; x_wconf 89' lang='lat' dir='ltr'><strong>Cornelio</strong></span> <span class='ocrx_word' id='word_1_193' title='bbox 591 1936 733 1977; x_wconf 87' lang='lat' dir='ltr'><strong>Cinna</strong></span> <span class='ocrx_word' id='word_1_194' title='bbox 753 1937 877 1978; x_wconf 85' lang='lat' dir='ltr'><strong>Gneo</strong></span> <span class='ocrx_word' id='word_1_195' title='bbox 898 1936 1079 1977; x_wconf 89' lang='lat' dir='ltr'><strong>Octauio</strong></span> <span class='ocrx_word' id='word_1_196' title='bbox 1101 1937 1346 1978; x_wconf 90' lang='lat' dir='ltr'><strong>consulibus</strong></span> <span class='ocrx_word' id='word_1_197' title='bbox 1376 1937 1486 1978; x_wconf 85' lang='lat' dir='ltr'><strong>male</strong></span> <span class='ocrx_word' id='word_1_198' title='bbox 1507 1938 1708 1978; x_wconf 84' lang='lat' dir='ltr'><strong>obrutum</strong></span> <span class='ocrx_word' id='word_1_199' title='bbox 1727 1952 1790 1978; x_wconf 91' lang='lat' dir='ltr'><strong>re-</strong></span> 
     </span>
     <span class='ocr_line' id='line_1_26' title="bbox 256 2005 1860 2059; baseline 0.001 -13"><span class='ocrx_word' id='word_1_200' title='bbox 256 2005 438 2047; x_wconf 83' lang='lat' dir='ltr'><strong>surrexit</strong></span> <span class='ocrx_word' id='word_1_201' title='bbox 473 2005 744 2055; x_wconf 87' lang='lat' dir='ltr'><strong>incendium,</strong></span> <span class='ocrx_word' id='word_1_202' title='bbox 783 2012 825 2046; x_wconf 91' lang='lat' dir='ltr'><strong>et</strong></span> <span class='ocrx_word' id='word_1_203' title='bbox 855 2005 1027 2059; x_wconf 87' lang='lat' dir='ltr'><strong>quidem</strong></span> <span class='ocrx_word' id='word_1_204' title='bbox 1055 2007 1106 2046; x_wconf 86' lang='lat' dir='ltr'><strong>ab</strong></span> <span class='ocrx_word' id='word_1_205' title='bbox 1127 2006 1317 2059; x_wconf 90' lang='lat' dir='ltr'><strong>ipsorum</strong></span> <span class='ocrx_word' id='word_1_206' title='bbox 1347 2006 1580 2055; x_wconf 88' lang='lat' dir='ltr'><strong>discordia,</strong></span> <span class='ocrx_word' id='word_1_207' title='bbox 1618 2021 1717 2047; x_wconf 91' lang='lat' dir='ltr'><strong>cum</strong></span> <span class='ocrx_word' id='word_1_208' title='bbox 1737 2008 1789 2047; x_wconf 88' lang='lat' dir='ltr'><strong>de</strong></span> <span class='ocrx_word' id='word_1_209' title='bbox 1817 2014 1860 2046; x_wconf 87' lang='lat'><strong>25</strong></span> 
     </span>
     <span class='ocr_line' id='line_1_27' title="bbox 255 2074 1788 2130; baseline 0.001 -15"><span class='ocrx_word' id='word_1_210' title='bbox 255 2075 506 2116; x_wconf 90' lang='lat' dir='ltr'><strong>reuocandis</strong></span> <span class='ocrx_word' id='word_1_211' title='bbox 527 2090 631 2130; x_wconf 88' lang='lat' dir='ltr'><strong>quos</strong></span> <span class='ocrx_word' id='word_1_212' title='bbox 653 2081 825 2116; x_wconf 88' lang='lat' dir='ltr'><strong>senatus</strong></span> <span class='ocrx_word' id='word_1_213' title='bbox 845 2075 989 2115; x_wconf 90' lang='lat' dir='ltr'><strong>hostes</strong></span> <span class='ocrx_word' id='word_1_214' title='bbox 1010 2074 1276 2115; x_wconf 88' lang='lat' dir='ltr'><strong>iudicauerat</strong></span> <span class='ocrx_word' id='word_1_215' title='bbox 1297 2076 1351 2116; x_wconf 90' lang='lat' dir='ltr'><strong>ad</strong></span> <span class='ocrx_word' id='word_1_216' title='bbox 1381 2076 1591 2129; x_wconf 90' lang='lat' dir='ltr'><strong>populum</strong></span> <span class='ocrx_word' id='word_1_217' title='bbox 1618 2076 1788 2116; x_wconf 87' lang='lat' dir='ltr'><strong>referre-</strong></span> 
     </span>
     <span class='ocr_line' id='line_1_28' title="bbox 257 2144 1790 2199; baseline 0 -13"><span class='ocrx_word' id='word_1_218' title='bbox 257 2153 351 2194; x_wconf 89' lang='lat' dir='ltr'><strong>tur;</strong></span> <span class='ocrx_word' id='word_1_219' title='bbox 391 2144 530 2186; x_wconf 85' lang='lat' dir='ltr'><strong>cineta</strong></span> <span class='ocrx_word' id='word_1_220' title='bbox 565 2144 736 2198; x_wconf 88' lang='lat' dir='ltr'><strong>quidem</strong></span> <span class='ocrx_word' id='word_1_221' title='bbox 770 2144 923 2199; x_wconf 86' lang='lat' dir='ltr'><strong>gladiis</strong></span> <span class='ocrx_word' id='word_1_222' title='bbox 954 2144 1176 2194; x_wconf 90' lang='lat' dir='ltr'><strong>contione,</strong></span> <span class='ocrx_word' id='word_1_223' title='bbox 1216 2146 1290 2185; x_wconf 88' lang='lat' dir='ltr'><strong>sed</strong></span> <span class='ocrx_word' id='word_1_224' title='bbox 1328 2144 1600 2185; x_wconf 86' lang='lat' dir='ltr'><strong>uincentibus</strong></span> <span class='ocrx_word' id='word_1_225' title='bbox 1637 2144 1790 2199; x_wconf 83' lang='lat' dir='ltr'><strong>quibus</strong></span> 
     </span>
     <span class='ocr_line' id='line_1_29' title="bbox 255 2212 1788 2271; baseline -0.001 -15"><span class='ocrx_word' id='word_1_226' title='bbox 255 2231 340 2271; x_wconf 86' lang='lat' dir='ltr'><strong>pax</strong></span> <span class='ocrx_word' id='word_1_227' title='bbox 360 2222 402 2256; x_wconf 88' lang='lat' dir='ltr'><strong>et</strong></span> <span class='ocrx_word' id='word_1_228' title='bbox 423 2215 541 2269; x_wconf 90' lang='lat' dir='ltr'><strong>quies</strong></span> <span class='ocrx_word' id='word_1_229' title='bbox 562 2214 715 2269; x_wconf 83' lang='lat' dir='ltr'><strong>potior,</strong></span> <span class='ocrx_word' id='word_1_230' title='bbox 737 2212 1101 2269; x_wconf 73' lang='lat' dir='ltr'><strong>profugus&#39;patria</strong></span> <span class='ocrx_word' id='word_1_231' title='bbox 1121 2227 1198 2254; x_wconf 89' lang='lat' dir='ltr'><strong>sua</strong></span> <span class='ocrx_word' id='word_1_232' title='bbox 1219 2213 1361 2255; x_wconf 87' lang='lat' dir='ltr'><strong>Cinna</strong></span> <span class='ocrx_word' id='word_1_233' title='bbox 1389 2214 1582 2268; x_wconf 86' lang='lat' dir='ltr'><strong>confugit</strong></span> <span class='ocrx_word' id='word_1_234' title='bbox 1613 2215 1666 2255; x_wconf 87' lang='lat' dir='ltr'><strong>ad</strong></span> <span class='ocrx_word' id='word_1_235' title='bbox 1695 2229 1788 2268; x_wconf 87' lang='lat' dir='ltr'><strong>par-</strong></span> 
     </span>
     <span class='ocr_line' id='line_1_30' title="bbox 257 2283 1789 2337; baseline -0.001 -10"><span class='ocrx_word' id='word_1_236' title='bbox 257 2293 335 2327; x_wconf 91' lang='lat' dir='ltr'><strong>tes.</strong></span> <span class='ocrx_word' id='word_1_237' title='bbox 377 2285 503 2327; x_wconf 88' lang='lat' dir='ltr'><strong>rediit</strong></span> <span class='ocrx_word' id='word_1_238' title='bbox 532 2286 584 2326; x_wconf 83' lang='lat' dir='ltr'><strong>ab</strong></span> <span class='ocrx_word' id='word_1_239' title='bbox 612 2284 758 2325; x_wconf 87' lang='lat' dir='ltr'><strong>Africa</strong></span> <span class='ocrx_word' id='word_1_240' title='bbox 786 2284 950 2326; x_wconf 87' lang='lat' dir='ltr'><strong>Marius</strong></span> <span class='ocrx_word' id='word_1_241' title='bbox 982 2284 1100 2324; x_wconf 89' lang='lat' dir='ltr'><strong>clade</strong></span> <span class='ocrx_word' id='word_1_242' title='bbox 1120 2283 1278 2332; x_wconf 91' lang='lat' dir='ltr'><strong>maior;</strong></span> <span class='ocrx_word' id='word_1_243' title='bbox 1313 2283 1349 2324; x_wconf 89' lang='lat' dir='ltr'><strong>si</strong></span> <span class='ocrx_word' id='word_1_244' title='bbox 1370 2284 1543 2337; x_wconf 86' lang='lat' dir='ltr'><strong>quidem</strong></span> <span class='ocrx_word' id='word_1_245' title='bbox 1564 2298 1704 2325; x_wconf 88' lang='lat' dir='ltr'><strong>carcer</strong></span> <span class='ocrx_word' id='word_1_246' title='bbox 1723 2299 1789 2325; x_wconf 90' lang='lat' dir='ltr'><strong>ca—</strong></span> 
     </span>
     <span class='ocr_line' id='line_1_31' title="bbox 257 2353 1862 2410; baseline -0.001 -14"><span class='ocrx_word' id='word_1_247' title='bbox 257 2364 380 2397; x_wconf 89' lang='lat' dir='ltr'><strong>tenae</strong></span> <span class='ocrx_word' id='word_1_248' title='bbox 400 2356 502 2410; x_wconf 83' lang='lat' dir='ltr'><strong>fuga</strong></span> <span class='ocrx_word' id='word_1_249' title='bbox 523 2354 701 2396; x_wconf 87' lang='lat' dir='ltr'><strong>exilium</strong></span> <span class='ocrx_word' id='word_1_250' title='bbox 721 2353 1069 2395; x_wconf 84' lang='lat' dir='ltr'><strong>horrificauerant</strong></span> <span class='ocrx_word' id='word_1_251' title='bbox 1090 2353 1358 2407; x_wconf 88' lang='lat' dir='ltr'><strong>dignitatem.</strong></span> <span class='ocrx_word' id='word_1_252' title='bbox 1393 2353 1537 2408; x_wconf 89' lang='lat' dir='ltr'><strong>itaque</strong></span> <span class='ocrx_word' id='word_1_253' title='bbox 1558 2355 1612 2394; x_wconf 91' lang='lat' dir='ltr'><strong>ad</strong></span> <span class='ocrx_word' id='word_1_254' title='bbox 1631 2368 1788 2395; x_wconf 89' lang='lat' dir='ltr'><strong>nomen</strong></span> <span class='ocrx_word' id='word_1_255' title='bbox 1817 2362 1862 2395; x_wconf 84' lang='lat'><strong>30</strong></span> 
     </span>
    </p>
   </div>
   <div class='ocr_carea' id='block_1_3' title="bbox 255 2521 1789 2963">
    <p class='ocr_par' dir='ltr' id='par_1_6' title="bbox 255 2521 1789 2963">
     <span class='ocr_line' id='line_1_32' title="bbox 259 2521 1787 2570; baseline -0.001 -13"><span class='ocrx_word' id='word_1_256' title='bbox 259 2526 279 2558; x_wconf 83' lang='lat'><strong>2</strong></span> <span class='ocrx_word' id='word_1_257' title='bbox 297 2523 388 2570; x_wconf 83' lang='lat' dir='ltr'><strong>sylla</strong></span> <span class='ocrx_word' id='word_1_258' title='bbox 403 2531 461 2557; x_wconf 88' lang='lat' dir='ltr'><strong>BN</strong></span> <span class='ocrx_word' id='word_1_259' title='bbox 475 2522 486 2568; x_wconf 82' lang='grc' dir='ltr'><strong>ΙΙ</strong></span> <span class='ocrx_word' id='word_1_260' title='bbox 504 2525 524 2556; x_wconf 88' lang='grc'>4</span> <span class='ocrx_word' id='word_1_261' title='bbox 542 2522 709 2556; x_wconf 76' lang='lat' dir='ltr'><strong>sillanum</strong></span> <span class='ocrx_word' id='word_1_262' title='bbox 725 2531 783 2557; x_wconf 88' lang='lat' dir='ltr'><strong>BN</strong></span> <span class='ocrx_word' id='word_1_263' title='bbox 798 2523 808 2568; x_wconf 91' lang='grc' dir='ltr'><strong>ΙΙ</strong></span> <span class='ocrx_word' id='word_1_264' title='bbox 827 2526 845 2556; x_wconf 87' lang='lat'>5</span> <span class='ocrx_word' id='word_1_265' title='bbox 865 2523 979 2569; x_wconf 84' lang='lat' dir='ltr'><strong>primo</strong></span> <span class='ocrx_word' id='word_1_266' title='bbox 997 2527 1034 2557; x_wconf 90' lang='lat' dir='ltr'><strong>et</strong></span> <span class='ocrx_word' id='word_1_267' title='bbox 1049 2522 1123 2557; x_wconf 86' lang='lat' dir='ltr'><strong>leui</strong></span> <span class='ocrx_word' id='word_1_268' title='bbox 1138 2531 1172 2556; x_wconf 98' lang='lat' dir='ltr'><em>N</em></span> <span class='ocrx_word' id='word_1_269' title='bbox 1186 2522 1197 2568; x_wconf 74' lang='lat' dir='ltr'>ss</span> <span class='ocrx_word' id='word_1_270' title='bbox 1215 2525 1235 2557; x_wconf 87' lang='grc'><strong>6</strong></span> <span class='ocrx_word' id='word_1_271' title='bbox 1253 2522 1375 2568; x_wconf 82' lang='lat' dir='ltr'><strong>ipsoN</strong></span> <span class='ocrx_word' id='word_1_272' title='bbox 1389 2523 1400 2568; x_wconf 85' lang='grc' dir='ltr'><strong>ΙΙ</strong></span> <span class='ocrx_word' id='word_1_273' title='bbox 1418 2522 1606 2556; x_wconf 76' lang='lat' dir='ltr'><strong>dumtaxat</strong></span> <span class='ocrx_word' id='word_1_274' title='bbox 1620 2532 1675 2555; x_wconf 85' lang='lat' dir='ltr'><strong>om</strong></span> <span class='ocrx_word' id='word_1_275' title='bbox 1691 2528 1725 2555; x_wconf 93' lang='lat' dir='ltr'><em>N</em></span> <span class='ocrx_word' id='word_1_276' title='bbox 1739 2521 1749 2566; x_wconf 89' lang='grc' dir='ltr'><strong>ΙΙ</strong></span> <span class='ocrx_word' id='word_1_277' title='bbox 1769 2524 1787 2555; x_wconf 85' lang='grc'>7</span> 
     </span>
     <span class='ocr_line' id='line_1_33' title="bbox 255 2576 1789 2626; baseline -0.003 -12"><span class='ocrx_word' id='word_1_278' title='bbox 255 2579 369 2614; x_wconf 82' lang='lat' dir='ltr'><strong>totius</strong></span> <span class='ocrx_word' id='word_1_279' title='bbox 384 2586 418 2612; x_wconf 87' lang='lat' dir='ltr'><em>N</em></span> <span class='ocrx_word' id='word_1_280' title='bbox 431 2579 443 2625; x_wconf 78' lang='lat' dir='ltr'>ss</span> <span class='ocrx_word' id='word_1_281' title='bbox 463 2580 481 2612; x_wconf 87' lang='grc'>8</span> <span class='ocrx_word' id='word_1_282' title='bbox 499 2584 678 2614; x_wconf 83' lang='lat' dir='ltr'><strong>crassante</strong></span> <span class='ocrx_word' id='word_1_283' title='bbox 694 2588 751 2614; x_wconf 85' lang='lat' dir='ltr'><strong>BN</strong></span> <span class='ocrx_word' id='word_1_284' title='bbox 767 2580 777 2626; x_wconf 72' lang='grc' dir='ltr'><strong>Η</strong></span> <span class='ocrx_word' id='word_1_285' title='bbox 795 2579 963 2614; x_wconf 85' lang='lat' dir='ltr'><strong>ultimum</strong></span> <span class='ocrx_word' id='word_1_286' title='bbox 979 2587 1011 2613; x_wconf 92' lang='grc' dir='ltr'><em>Ν</em></span> <span class='ocrx_word' id='word_1_287' title='bbox 1026 2578 1038 2624; x_wconf 84' lang='grc' dir='ltr'><strong>ΙΙ</strong></span> <span class='ocrx_word' id='word_1_288' title='bbox 1055 2578 1171 2613; x_wconf 80' lang='lat' dir='ltr'><strong>ciuica</strong></span> <span class='ocrx_word' id='word_1_289' title='bbox 1194 2586 1227 2612; x_wconf 91' lang='grc' dir='ltr'><em>Ν</em></span> <span class='ocrx_word' id='word_1_290' title='bbox 1242 2578 1253 2625; x_wconf 84' lang='grc' dir='ltr'><strong>ΙΙ</strong></span> <span class='ocrx_word' id='word_1_291' title='bbox 1271 2580 1291 2612; x_wconf 89' lang='grc'>9</span> <span class='ocrx_word' id='word_1_292' title='bbox 1318 2583 1374 2612; x_wconf 84' lang='lat' dir='ltr'><strong>est</strong></span> <span class='ocrx_word' id='word_1_293' title='bbox 1398 2578 1583 2613; x_wconf 77' lang='lat' dir='ltr'><strong>deleuerim</strong></span> <span class='ocrx_word' id='word_1_294' title='bbox 1601 2578 1612 2623; x_wconf 71' lang='grc' dir='ltr'><strong>ΙΙ</strong></span> <span class='ocrx_word' id='word_1_295' title='bbox 1633 2579 1673 2610; x_wconf 90' lang='grc'><strong>10</strong></span> <span class='ocrx_word' id='word_1_296' title='bbox 1699 2576 1789 2611; x_wconf 87' lang='lat' dir='ltr'><strong>nite-</strong></span> 
     </span>
     <span class='ocr_line' id='line_1_34' title="bbox 256 2632 1786 2681; baseline -0.003 -11"><span class='ocrx_word' id='word_1_297' title='bbox 256 2640 380 2671; x_wconf 87' lang='lat' dir='ltr'><strong>rentur</strong></span> <span class='ocrx_word' id='word_1_298' title='bbox 395 2643 420 2670; x_wconf 82' lang='lat' dir='ltr'><em>B</em></span> <span class='ocrx_word' id='word_1_299' title='bbox 438 2634 448 2681; x_wconf 75' lang='grc' dir='ltr'><strong>ΙΙ</strong></span> <span class='ocrx_word' id='word_1_300' title='bbox 466 2639 650 2680; x_wconf 85' lang='lat' dir='ltr'><strong>peractum</strong></span> <span class='ocrx_word' id='word_1_301' title='bbox 667 2639 721 2669; x_wconf 82' lang='lat' dir='ltr'><strong>est</strong></span> <span class='ocrx_word' id='word_1_302' title='bbox 737 2648 791 2669; x_wconf 88' lang='lat' dir='ltr'><strong>om</strong></span> <span class='ocrx_word' id='word_1_303' title='bbox 808 2643 840 2669; x_wconf 88' lang='lat' dir='ltr'><em>N</em></span> <span class='ocrx_word' id='word_1_304' title='bbox 855 2635 866 2680; x_wconf 73' lang='lat' dir='ltr'>ss</span> <span class='ocrx_word' id='word_1_305' title='bbox 890 2638 928 2669; x_wconf 77' lang='lat'><strong>13</strong></span> <span class='ocrx_word' id='word_1_306' title='bbox 952 2635 1062 2681; x_wconf 85' lang='lat' dir='ltr'><strong>syllae</strong></span> <span class='ocrx_word' id='word_1_307' title='bbox 1086 2642 1143 2669; x_wconf 90' lang='grc' dir='ltr'><strong>ΒΝ</strong></span> <span class='ocrx_word' id='word_1_308' title='bbox 1159 2634 1170 2680; x_wconf 77' lang='grc' dir='ltr'><strong>Η</strong></span> <span class='ocrx_word' id='word_1_309' title='bbox 1191 2636 1231 2668; x_wconf 88' lang='grc'><strong>14</strong></span> <span class='ocrx_word' id='word_1_310' title='bbox 1257 2634 1346 2680; x_wconf 86' lang='lat' dir='ltr'><strong>sylla</strong></span> <span class='ocrx_word' id='word_1_311' title='bbox 1369 2642 1429 2669; x_wconf 90' lang='grc' dir='ltr'><em>ΒΝ</em></span> <span class='ocrx_word' id='word_1_312' title='bbox 1443 2634 1453 2679; x_wconf 81' lang='grc' dir='ltr'><strong>ΙΙ</strong></span> <span class='ocrx_word' id='word_1_313' title='bbox 1475 2636 1514 2668; x_wconf 89' lang='grc'><strong>15</strong></span> <span class='ocrx_word' id='word_1_314' title='bbox 1540 2632 1717 2678; x_wconf 81' lang='lat' dir='ltr'><strong>esquilina</strong></span> <span class='ocrx_word' id='word_1_315' title='bbox 1744 2645 1786 2673; x_wconf 90' lang='grc' dir='ltr'><strong>ς.·</strong></span> 
     </span>
     <span class='ocr_line' id='line_1_35' title="bbox 256 2688 1789 2738; baseline -0.002 -13"><span class='ocrx_word' id='word_1_316' title='bbox 256 2709 291 2728; x_wconf 52' lang='grc' dir='ltr'><strong>ιι</strong></span> <span class='ocrx_word' id='word_1_317' title='bbox 311 2692 364 2738; x_wconf 86' lang='lat' dir='ltr'><strong>(sy</strong></span> <span class='ocrx_word' id='word_1_318' title='bbox 382 2694 401 2726; x_wconf 86' lang='lat'><strong>2</strong></span> <span class='ocrx_word' id='word_1_319' title='bbox 419 2691 540 2737; x_wconf 80' lang='lat' dir='ltr'><strong>manu)</strong></span> <span class='ocrx_word' id='word_1_320' title='bbox 555 2691 603 2726; x_wconf 84' lang='lat' dir='ltr'><strong>lla</strong></span> <span class='ocrx_word' id='word_1_321' title='bbox 619 2699 663 2732; x_wconf 89' lang='grc' dir='ltr'><em>Β,</em></span> <span class='ocrx_word' id='word_1_322' title='bbox 691 2691 812 2725; x_wconf 72' lang='lat' dir='ltr'><strong>escilia</strong></span> <span class='ocrx_word' id='word_1_323' title='bbox 833 2699 866 2724; x_wconf 93' lang='lat' dir='ltr'><em>N</em></span> <span class='ocrx_word' id='word_1_324' title='bbox 880 2691 891 2736; x_wconf 74' lang='grc' dir='ltr'><strong>ΙΙ</strong></span> <span class='ocrx_word' id='word_1_325' title='bbox 913 2693 952 2724; x_wconf 87' lang='grc'><strong>16</strong></span> <span class='ocrx_word' id='word_1_326' title='bbox 970 2690 1131 2725; x_wconf 85' lang='lat' dir='ltr'><strong>infundit</strong></span> <span class='ocrx_word' id='word_1_327' title='bbox 1145 2698 1179 2725; x_wconf 88' lang='lat' dir='ltr'><em>N</em></span> <span class='ocrx_word' id='word_1_328' title='bbox 1193 2691 1204 2735; x_wconf 84' lang='grc' dir='ltr'><strong>ΙΙ</strong></span> <span class='ocrx_word' id='word_1_329' title='bbox 1222 2690 1318 2725; x_wconf 88' lang='lat' dir='ltr'><strong>unde</strong></span> <span class='ocrx_word' id='word_1_330' title='bbox 1344 2701 1425 2724; x_wconf 88' lang='lat' dir='ltr'><strong>cum</strong></span> <span class='ocrx_word' id='word_1_331' title='bbox 1449 2688 1615 2723; x_wconf 82' lang='lat' dir='ltr'><strong>consulto</strong></span> <span class='ocrx_word' id='word_1_332' title='bbox 1629 2696 1664 2723; x_wconf 92' lang='lat' dir='ltr'><em>N</em></span> <span class='ocrx_word' id='word_1_333' title='bbox 1677 2689 1688 2734; x_wconf 86' lang='grc' dir='ltr'><strong>ΙΙ</strong></span> <span class='ocrx_word' id='word_1_334' title='bbox 1707 2700 1789 2723; x_wconf 89' lang='lat' dir='ltr'><strong>con-</strong></span> 
     </span>
     <span class='ocr_line' id='line_1_36' title="bbox 258 2744 1784 2793; baseline -0.004 -10"><span class='ocrx_word' id='word_1_335' title='bbox 258 2748 352 2782; x_wconf 86' lang='lat' dir='ltr'><strong>soles</strong></span> <span class='ocrx_word' id='word_1_336' title='bbox 370 2748 389 2782; x_wconf 80' lang='lat' dir='ltr'><em>b</em></span> <span class='ocrx_word' id='word_1_337' title='bbox 406 2747 418 2793; x_wconf 75' lang='grc' dir='ltr'><strong>ΙΙ</strong></span> <span class='ocrx_word' id='word_1_338' title='bbox 440 2749 477 2781; x_wconf 85' lang='grc'><strong>17</strong></span> <span class='ocrx_word' id='word_1_339' title='bbox 496 2747 624 2781; x_wconf 70' lang='lat' dir='ltr'><strong>sudeus</strong></span> <span class='ocrx_word' id='word_1_340' title='bbox 639 2754 672 2781; x_wconf 93' lang='lat' dir='ltr'><em>N</em></span> <span class='ocrx_word' id='word_1_341' title='bbox 687 2746 697 2792; x_wconf 76' lang='grc' dir='ltr'><strong>ΙΙ</strong></span> <span class='ocrx_word' id='word_1_342' title='bbox 720 2748 758 2780; x_wconf 88' lang='grc'><strong>18</strong></span> <span class='ocrx_word' id='word_1_343' title='bbox 784 2746 957 2780; x_wconf 83' lang='lat' dir='ltr'><strong>iaoolatus</strong></span> <span class='ocrx_word' id='word_1_344' title='bbox 983 2754 1014 2780; x_wconf 93' lang='lat' dir='ltr'><em>N</em></span> <span class='ocrx_word' id='word_1_345' title='bbox 1038 2747 1048 2792; x_wconf 73' lang='grc'><strong>11</strong></span> <span class='ocrx_word' id='word_1_346' title='bbox 1076 2746 1242 2781; x_wconf 85' lang='lat' dir='ltr'><strong>incendia</strong></span> <span class='ocrx_word' id='word_1_347' title='bbox 1267 2745 1476 2790; x_wconf 75' lang='lat' dir='ltr'><strong>Hauptiuc:</strong></span> <span class='ocrx_word' id='word_1_348' title='bbox 1507 2744 1673 2778; x_wconf 89' lang='lat' dir='ltr'><strong>incendio</strong></span> <span class='ocrx_word' id='word_1_349' title='bbox 1700 2744 1784 2790; x_wconf 78' lang='lat' dir='ltr'><strong>BNss</strong></span> 
     </span>
     <span class='ocr_line' id='line_1_37' title="bbox 261 2801 1787 2850; baseline -0.003 -11"><span class='ocrx_word' id='word_1_350' title='bbox 261 2807 302 2839; x_wconf 83' lang='grc'><strong>19</strong></span> <span class='ocrx_word' id='word_1_351' title='bbox 325 2816 458 2850; x_wconf 82' lang='lat' dir='ltr'><strong>poenas</strong></span> <span class='ocrx_word' id='word_1_352' title='bbox 483 2811 508 2838; x_wconf 90' lang='grc' dir='ltr'><em>Β</em></span> <span class='ocrx_word' id='word_1_353' title='bbox 532 2804 543 2846; x_wconf 75' lang='grc' dir='ltr'><strong>ΙΙ</strong></span> <span class='ocrx_word' id='word_1_354' title='bbox 569 2814 660 2849; x_wconf 88' lang='lat' dir='ltr'><strong>quae</strong></span> <span class='ocrx_word' id='word_1_355' title='bbox 683 2801 831 2847; x_wconf 77' lang='lat' dir='ltr'><strong>scripsi:</strong></span> <span class='ocrx_word' id='word_1_356' title='bbox 866 2813 1008 2847; x_wconf 91' lang='lat' dir='ltr'><strong>quoque</strong></span> <span class='ocrx_word' id='word_1_357' title='bbox 1032 2809 1091 2836; x_wconf 87' lang='grc' dir='ltr'><strong>ΒΝ</strong></span> <span class='ocrx_word' id='word_1_358' title='bbox 1122 2802 1133 2848; x_wconf 65' lang='grc' dir='ltr'><strong>ΙΙ,</strong></span> <span class='ocrx_word' id='word_1_359' title='bbox 1168 2813 1318 2836; x_wconf 85' lang='lat' dir='ltr'><strong>senones</strong></span> <span class='ocrx_word' id='word_1_360' title='bbox 1352 2809 1386 2836; x_wconf 88' lang='lat' dir='ltr'><em>N</em></span> <span class='ocrx_word' id='word_1_361' title='bbox 1414 2802 1425 2847; x_wconf 78' lang='grc' dir='ltr'><strong>ΙΙ</strong></span> <span class='ocrx_word' id='word_1_362' title='bbox 1449 2803 1492 2834; x_wconf 89' lang='grc'><strong>20</strong></span> <span class='ocrx_word' id='word_1_363' title='bbox 1523 2804 1600 2835; x_wconf 89' lang='lat' dir='ltr'><strong>tum</strong></span> <span class='ocrx_word' id='word_1_364' title='bbox 1628 2814 1671 2841; x_wconf 90' lang='grc' dir='ltr'><strong>ς.·</strong></span> <span class='ocrx_word' id='word_1_365' title='bbox 1706 2812 1787 2835; x_wconf 87' lang='lat' dir='ltr'><strong>cum</strong></span> 
     </span>
     <span class='ocr_line' id='line_1_38' title="bbox 257 2857 1788 2905; baseline -0.002 -10"><span class='ocrx_word' id='word_1_366' title='bbox 257 2868 316 2895; x_wconf 88' lang='grc' dir='ltr'><em>ΒΝ</em></span> <span class='ocrx_word' id='word_1_367' title='bbox 330 2860 341 2905; x_wconf 83' lang='grc' dir='ltr'><strong>ΙΙ</strong></span> <span class='ocrx_word' id='word_1_368' title='bbox 359 2859 572 2895; x_wconf 83' lang='lat' dir='ltr'><strong>abuersariis</strong></span> <span class='ocrx_word' id='word_1_369' title='bbox 602 2867 628 2893; x_wconf 90' lang='grc' dir='ltr'><em>Β</em></span> <span class='ocrx_word' id='word_1_370' title='bbox 646 2858 656 2905; x_wconf 76' lang='grc' dir='ltr'><strong>ΙΙ</strong></span> <span class='ocrx_word' id='word_1_371' title='bbox 675 2861 714 2892; x_wconf 91' lang='grc'><strong>21</strong></span> <span class='ocrx_word' id='word_1_372' title='bbox 743 2857 908 2892; x_wconf 83' lang='lat' dir='ltr'><strong>iudicatis</strong></span> <span class='ocrx_word' id='word_1_373' title='bbox 935 2869 990 2891; x_wconf 88' lang='lat' dir='ltr'><strong>om</strong></span> <span class='ocrx_word' id='word_1_374' title='bbox 1011 2865 1037 2891; x_wconf 84' lang='lat' dir='ltr'><em>B</em></span> <span class='ocrx_word' id='word_1_375' title='bbox 1061 2858 1073 2903; x_wconf 78' lang='grc' dir='ltr'><strong>Η</strong></span> <span class='ocrx_word' id='word_1_376' title='bbox 1100 2860 1141 2891; x_wconf 86' lang='grc'><strong>22</strong></span> <span class='ocrx_word' id='word_1_377' title='bbox 1176 2858 1301 2893; x_wconf 86' lang='lat' dir='ltr'><strong>eximit</strong></span> <span class='ocrx_word' id='word_1_378' title='bbox 1331 2857 1390 2903; x_wconf 82' lang='grc' dir='ltr'><strong>ΝΙΙ</strong></span> <span class='ocrx_word' id='word_1_379' title='bbox 1417 2858 1459 2891; x_wconf 89' lang='grc'>23</span> <span class='ocrx_word' id='word_1_380' title='bbox 1491 2857 1691 2892; x_wconf 81' lang='lat' dir='ltr'><strong>reseruabit</strong></span> <span class='ocrx_word' id='word_1_381' title='bbox 1715 2858 1727 2904; x_wconf 81' lang='grc' dir='ltr'><strong>ΙΙ</strong></span> <span class='ocrx_word' id='word_1_382' title='bbox 1745 2859 1788 2892; x_wconf 85' lang='grc'>25</span> 
     </span>
     <span class='ocr_line' id='line_1_39' title="bbox 260 2913 1059 2963; baseline -0.005 -13"><span class='ocrx_word' id='word_1_383' title='bbox 260 2927 366 2963; x_wconf 85' lang='lat' dir='ltr'><strong>quam</strong></span> <span class='ocrx_word' id='word_1_384' title='bbox 382 2924 406 2950; x_wconf 87' lang='grc' dir='ltr'><em>Β</em></span> <span class='ocrx_word' id='word_1_385' title='bbox 425 2916 435 2962; x_wconf 78' lang='grc' dir='ltr'><strong>ΙΙ</strong></span> <span class='ocrx_word' id='word_1_386' title='bbox 454 2918 495 2949; x_wconf 87' lang='grc'>27</span> <span class='ocrx_word' id='word_1_387' title='bbox 515 2915 744 2950; x_wconf 87' lang='lat' dir='ltr'><strong>contentione</strong></span> <span class='ocrx_word' id='word_1_388' title='bbox 760 2922 785 2949; x_wconf 86' lang='grc' dir='ltr'><em>Β</em></span> <span class='ocrx_word' id='word_1_389' title='bbox 803 2914 813 2959; x_wconf 75' lang='grc' dir='ltr'>Η</span> <span class='ocrx_word' id='word_1_390' title='bbox 833 2915 875 2947; x_wconf 82' lang='grc'>29</span> <span class='ocrx_word' id='word_1_391' title='bbox 893 2913 986 2948; x_wconf 87' lang='lat' dir='ltr'><strong>redit</strong></span> <span class='ocrx_word' id='word_1_392' title='bbox 1000 2921 1033 2947; x_wconf 89' lang='lat' dir='ltr'><em>N</em></span> <span class='ocrx_word' id='word_1_393' title='bbox 1048 2913 1059 2958; x_wconf 80' lang='grc' dir='ltr'>Η</span> 
     </span>
    </p>
   </div>
   <div class='ocr_carea' id='block_1_4' title="bbox 1992 1955 2002 2063">
    <p class='ocr_par' dir='ltr' id='par_1_7' title="bbox 1992 1955 2002 2063">
     <span class='ocr_line' id='line_1_40' title="bbox 1992 1955 2002 2063; textangle 90"><span class='ocrx_word' id='word_1_394' title='bbox 1992 2008 2002 2063; x_wconf 53' lang='lat' dir='ltr'><em>..d—t</em></span> <span class='ocrx_word' id='word_1_395' title='bbox 1994 1955 1995 1958; x_wconf 62' lang='lat'><em>„</em></span> 
     </span>
    </p>
   </div>
  </div>
 </body>
</html>
