<?xml version="1.0" encoding="UTF-8"?>
<!DOCTYPE html PUBLIC "-//W3C//DTD XHTML 1.0 Transitional//EN"
    "http://www.w3.org/TR/xhtml1/DTD/xhtml1-transitional.dtd">
<html xmlns="http://www.w3.org/1999/xhtml" xml:lang="en" lang="en">
 <head>
  <title>
</title>
<meta http-equiv="Content-Type" content="text/html;charset=utf-8" />
  <meta name='ocr-system' content='tesseract 3.04.00' />
  <meta name='ocr-capabilities' content='ocr_page ocr_carea ocr_par ocr_line ocrx_word'/>
</head>
<body>
  <div class='ocr_page' id='page_1' title='image "./epitomaedetitol00floruoft_0151.png"; bbox 0 0 2002 3320; ppageno 0'>
   <div class='ocr_carea' id='block_1_1' title="bbox 688 219 1739 275">
    <p class='ocr_par' dir='ltr' id='par_1_1' title="bbox 688 219 1739 275">
     <span class='ocr_line' id='line_1_1' title="bbox 688 219 1739 275; baseline -0.003 -12"><span class='ocrx_word' id='word_1_1' title='bbox 688 232 886 263; x_wconf 61' lang='lat' dir='ltr'><strong>arr-roua</strong></span> <span class='ocrx_word' id='word_1_2' title='bbox 906 232 961 269; x_wconf 89' lang='lat'><strong>11,</strong></span> <span class='ocrx_word' id='word_1_3' title='bbox 986 227 1027 260; x_wconf 83' lang='lat'><strong>13</strong></span> <span class='ocrx_word' id='word_1_4' title='bbox 1051 219 1161 275; x_wconf 90' lang='lat'>[1111,</span> <span class='ocrx_word' id='word_1_5' title='bbox 1184 220 1240 275; x_wconf 82' lang='lat'><strong>2].</strong></span> <span class='ocrx_word' id='word_1_6' title='bbox 1684 221 1739 260; x_wconf 89' lang='grc'><strong>97</strong></span> 
     </span>
    </p>
   </div>
   <div class='ocr_carea' id='block_1_2' title="bbox 126 330 1740 2406">
    <p class='ocr_par' dir='ltr' id='par_1_2' title="bbox 209 330 1738 386">
     <span class='ocr_line' id='line_1_2' title="bbox 209 330 1738 386; baseline -0.003 -10"><span class='ocrx_word' id='word_1_7' title='bbox 209 335 336 378; x_wconf 88' lang='lat' dir='ltr'><strong>iussit</strong></span> <span class='ocrx_word' id='word_1_8' title='bbox 354 333 534 377; x_wconf 79' lang='lat' dir='ltr'><strong>absenti.</strong></span> <span class='ocrx_word' id='word_1_9' title='bbox 567 332 782 374; x_wconf 81' lang='lat' dir='ltr'><strong>Graecula</strong></span> <span class='ocrx_word' id='word_1_10' title='bbox 800 331 954 374; x_wconf 88' lang='lat' dir='ltr'><strong>ciuitas</strong></span> <span class='ocrx_word' id='word_1_11' title='bbox 973 346 1062 373; x_wconf 93' lang='lat' dir='ltr'><strong>non</strong></span> <span class='ocrx_word' id='word_1_12' title='bbox 1081 345 1157 386; x_wconf 92' lang='lat' dir='ltr'><strong>pro</strong></span> <span class='ocrx_word' id='word_1_13' title='bbox 1176 330 1360 372; x_wconf 88' lang='lat' dir='ltr'><strong>mollitia</strong></span> <span class='ocrx_word' id='word_1_14' title='bbox 1378 331 1565 372; x_wconf 87' lang='lat' dir='ltr'><strong>nominis</strong></span> <span class='ocrx_word' id='word_1_15' title='bbox 1585 338 1628 373; x_wconf 90' lang='lat' dir='ltr'><strong>et</strong></span> <span class='ocrx_word' id='word_1_16' title='bbox 1648 333 1738 372; x_wconf 89' lang='lat' dir='ltr'><strong>ual-</strong></span> 
     </span>
    </p>

    <p class='ocr_par' dir='ltr' id='par_1_3' title="bbox 207 400 1738 458">
     <span class='ocr_line' id='line_1_3' title="bbox 207 400 1738 458; baseline -0.003 -11"><span class='ocrx_word' id='word_1_17' title='bbox 207 406 299 447; x_wconf 89' lang='lat' dir='ltr'><strong>lum</strong></span> <span class='ocrx_word' id='word_1_18' title='bbox 317 417 512 458; x_wconf 85' lang='lat' dir='ltr'><strong>rumpere</strong></span> <span class='ocrx_word' id='word_1_19' title='bbox 531 410 575 444; x_wconf 91' lang='lat' dir='ltr'><strong>et</strong></span> <span class='ocrx_word' id='word_1_20' title='bbox 599 402 826 444; x_wconf 85' lang='lat' dir='ltr'><strong>incendere</strong></span> <span class='ocrx_word' id='word_1_21' title='bbox 844 401 1067 443; x_wconf 89' lang='lat' dir='ltr'><strong>machinas</strong></span> <span class='ocrx_word' id='word_1_22' title='bbox 1087 415 1216 450; x_wconf 85' lang='lat' dir='ltr'><strong>ausa,</strong></span> <span class='ocrx_word' id='word_1_23' title='bbox 1239 400 1369 442; x_wconf 90' lang='lat' dir='ltr'><strong>etiam</strong></span> <span class='ocrx_word' id='word_1_24' title='bbox 1396 401 1596 455; x_wconf 86' lang='lat' dir='ltr'><strong>congredi</strong></span> <span class='ocrx_word' id='word_1_25' title='bbox 1616 401 1738 443; x_wconf 88' lang='lat' dir='ltr'><strong>naui-</strong></span> 
     </span>
    </p>

    <p class='ocr_par' dir='ltr' id='par_1_4' title="bbox 206 470 1738 523">
     <span class='ocr_line' id='line_1_4' title="bbox 206 470 1738 523; baseline -0.003 -7"><span class='ocrx_word' id='word_1_26' title='bbox 206 475 312 523; x_wconf 89' lang='lat' dir='ltr'><strong>bus;</strong></span> <span class='ocrx_word' id='word_1_27' title='bbox 343 474 419 515; x_wconf 87' lang='lat' dir='ltr'><strong>sed</strong></span> <span class='ocrx_word' id='word_1_28' title='bbox 437 475 599 514; x_wconf 89' lang='lat' dir='ltr'><strong>Brutus</strong></span> <span class='ocrx_word' id='word_1_29' title='bbox 612 503 625 522; x_wconf 90' lang='lat'><em>,</em></span> <span class='ocrx_word' id='word_1_30' title='bbox 648 472 719 512; x_wconf 86' lang='lat' dir='ltr'><strong>cui</strong></span> <span class='ocrx_word' id='word_1_31' title='bbox 738 472 991 513; x_wconf 87' lang='lat' dir='ltr'><strong>mandatum</strong></span> <span class='ocrx_word' id='word_1_32' title='bbox 1011 477 1102 513; x_wconf 89' lang='lat' dir='ltr'><strong>erat</strong></span> <span class='ocrx_word' id='word_1_33' title='bbox 1118 470 1304 520; x_wconf 89' lang='lat' dir='ltr'><strong>bellum,</strong></span> <span class='ocrx_word' id='word_1_34' title='bbox 1327 470 1464 512; x_wconf 89' lang='lat' dir='ltr'><strong>uictos</strong></span> <span class='ocrx_word' id='word_1_35' title='bbox 1484 477 1596 512; x_wconf 88' lang='lat' dir='ltr'><strong>terra</strong></span> <span class='ocrx_word' id='word_1_36' title='bbox 1613 471 1738 512; x_wconf 88' lang='lat' dir='ltr'><strong>mari-</strong></span> 
     </span>
    </p>

    <p class='ocr_par' dir='ltr' id='par_1_5' title="bbox 156 539 1740 668">
     <span class='ocr_line' id='line_1_5' title="bbox 206 539 1740 598; baseline -0.002 -13"><span class='ocrx_word' id='word_1_37' title='bbox 206 557 288 598; x_wconf 87' lang='lat' dir='ltr'><strong>que</strong></span> <span class='ocrx_word' id='word_1_38' title='bbox 306 542 563 598; x_wconf 89' lang='lat' dir='ltr'><strong>perdomuit.</strong></span> <span class='ocrx_word' id='word_1_39' title='bbox 595 556 696 583; x_wconf 86' lang='lat' dir='ltr'><strong>mox</strong></span> <span class='ocrx_word' id='word_1_40' title='bbox 723 541 976 583; x_wconf 85' lang='lat' dir='ltr'><strong>dedentibus</strong></span> <span class='ocrx_word' id='word_1_41' title='bbox 1006 555 1051 582; x_wconf 89' lang='lat' dir='ltr'><strong>se</strong></span> <span class='ocrx_word' id='word_1_42' title='bbox 1081 539 1226 582; x_wconf 88' lang='lat' dir='ltr'><strong>omnia</strong></span> <span class='ocrx_word' id='word_1_43' title='bbox 1254 539 1397 581; x_wconf 88' lang='lat' dir='ltr'><strong>ablata</strong></span> <span class='ocrx_word' id='word_1_44' title='bbox 1424 547 1591 594; x_wconf 86' lang='lat' dir='ltr'><strong>praeter</strong></span> <span class='ocrx_word' id='word_1_45' title='bbox 1611 555 1740 594; x_wconf 85' lang='lat' dir='ltr'><strong>quam</strong></span> 
     </span>
     <span class='ocr_line' id='line_1_6' title="bbox 156 611 1141 668; baseline -0.003 -14"><span class='ocrx_word' id='word_1_46' title='bbox 156 622 177 654; x_wconf 87' lang='grc'>5</span> <span class='ocrx_word' id='word_1_47' title='bbox 204 612 412 668; x_wconf 91' lang='lat' dir='ltr'><strong>potiorem</strong></span> <span class='ocrx_word' id='word_1_48' title='bbox 432 613 630 654; x_wconf 92' lang='lat' dir='ltr'><strong>omnibus</strong></span> <span class='ocrx_word' id='word_1_49' title='bbox 650 612 867 652; x_wconf 83' lang='lat' dir='ltr'><strong>habebant</strong></span> <span class='ocrx_word' id='word_1_50' title='bbox 885 611 1141 652; x_wconf 89' lang='lat' dir='ltr'><strong>libertatem.</strong></span> 
     </span>
    </p>

    <p class='ocr_par' dir='ltr' id='par_1_6' title="bbox 203 679 1740 950">
     <span class='ocr_line' id='line_1_7' title="bbox 317 679 1740 736; baseline -0.001 -13"><span class='ocrx_word' id='word_1_51' title='bbox 317 684 489 736; x_wconf 82' lang='lat' dir='ltr'><strong>Anceps</strong></span> <span class='ocrx_word' id='word_1_52' title='bbox 510 681 761 736; x_wconf 79' lang='lat' dir='ltr'><strong>nariumque</strong></span> <span class='ocrx_word' id='word_1_53' title='bbox 781 682 856 722; x_wconf 87' lang='lat' dir='ltr'><strong>sed</strong></span> <span class='ocrx_word' id='word_1_54' title='bbox 874 680 1147 722; x_wconf 90' lang='lat' dir='ltr'><strong>incruentum</strong></span> <span class='ocrx_word' id='word_1_55' title='bbox 1165 681 1212 722; x_wconf 91' lang='lat' dir='ltr'><strong>in</strong></span> <span class='ocrx_word' id='word_1_56' title='bbox 1228 679 1444 735; x_wconf 84' lang='lat' dir='ltr'><strong>Hispania</strong></span> <span class='ocrx_word' id='word_1_57' title='bbox 1462 680 1626 721; x_wconf 91' lang='lat' dir='ltr'><strong>bellum</strong></span> <span class='ocrx_word' id='word_1_58' title='bbox 1641 695 1740 722; x_wconf 90' lang='lat' dir='ltr'><strong>cum</strong></span> 
     </span>
     <span class='ocr_line' id='line_1_8' title="bbox 205 749 1739 808; baseline -0.003 -14"><span class='ocrx_word' id='word_1_59' title='bbox 205 752 359 808; x_wconf 91' lang='lat' dir='ltr'><strong>legatis</strong></span> <span class='ocrx_word' id='word_1_60' title='bbox 380 751 495 793; x_wconf 90' lang='lat' dir='ltr'><strong>Gnei</strong></span> <span class='ocrx_word' id='word_1_61' title='bbox 522 750 724 805; x_wconf 90' lang='lat' dir='ltr'><strong>Pompei,</strong></span> <span class='ocrx_word' id='word_1_62' title='bbox 762 749 933 792; x_wconf 89' lang='lat' dir='ltr'><strong>Petreio</strong></span> <span class='ocrx_word' id='word_1_63' title='bbox 961 757 1005 791; x_wconf 85' lang='lat' dir='ltr'><strong>ct</strong></span> <span class='ocrx_word' id='word_1_64' title='bbox 1035 749 1214 791; x_wconf 80' lang='lat' dir='ltr'><strong>Afranio</strong></span> <span class='ocrx_word' id='word_1_65' title='bbox 1228 782 1241 799; x_wconf 93' lang='lat'><em>‚</em></span> <span class='ocrx_word' id='word_1_66' title='bbox 1279 764 1384 804; x_wconf 90' lang='lat' dir='ltr'><strong>quos</strong></span> <span class='ocrx_word' id='word_1_67' title='bbox 1414 750 1580 790; x_wconf 88' lang='lat' dir='ltr'><strong>Ilerdae</strong></span> <span class='ocrx_word' id='word_1_68' title='bbox 1601 758 1739 791; x_wconf 87' lang='lat' dir='ltr'><strong>castra</strong></span> 
     </span>
     <span class='ocr_line' id='line_1_9' title="bbox 203 819 1739 875; baseline -0.002 -12"><span class='ocrx_word' id='word_1_69' title='bbox 203 823 410 864; x_wconf 86' lang='lat' dir='ltr'><strong>habentes</strong></span> <span class='ocrx_word' id='word_1_70' title='bbox 432 827 537 875; x_wconf 91' lang='lat' dir='ltr'><strong>aput</strong></span> <span class='ocrx_word' id='word_1_71' title='bbox 558 819 738 862; x_wconf 87' lang='lat' dir='ltr'><strong>Sicorim</strong></span> <span class='ocrx_word' id='word_1_72' title='bbox 749 828 926 860; x_wconf 66' lang='lat' dir='ltr'><strong>&#39;amnem</strong></span> <span class='ocrx_word' id='word_1_73' title='bbox 943 819 1132 861; x_wconf 90' lang='lat' dir='ltr'><strong>obsidere</strong></span> <span class='ocrx_word' id='word_1_74' title='bbox 1147 826 1192 861; x_wconf 87' lang='lat' dir='ltr'><strong>et</strong></span> <span class='ocrx_word' id='word_1_75' title='bbox 1206 820 1259 860; x_wconf 94' lang='lat' dir='ltr'><strong>ab</strong></span> <span class='ocrx_word' id='word_1_76' title='bbox 1280 819 1436 873; x_wconf 91' lang='lat' dir='ltr'><strong>oppido</strong></span> <span class='ocrx_word' id='word_1_77' title='bbox 1455 819 1739 861; x_wconf 86' lang='lat' dir='ltr'><strong>intercludere</strong></span> 
     </span>
     <span class='ocr_line' id='line_1_10' title="bbox 205 888 1737 950; baseline -0.001 -17"><span class='ocrx_word' id='word_1_78' title='bbox 205 891 465 946; x_wconf 82' lang='lat' dir='ltr'><strong>adgreditur.</strong></span> <span class='ocrx_word' id='word_1_79' title='bbox 496 889 669 931; x_wconf 85' lang='lat' dir='ltr'><strong>interim</strong></span> <span class='ocrx_word' id='word_1_80' title='bbox 696 888 929 930; x_wconf 87' lang='lat' dir='ltr'><strong>abundatio</strong></span> <span class='ocrx_word' id='word_1_81' title='bbox 956 890 1080 931; x_wconf 90' lang='lat' dir='ltr'><strong>uerni</strong></span> <span class='ocrx_word' id='word_1_82' title='bbox 1106 889 1297 932; x_wconf 86' lang='lat' dir='ltr'><strong>fluminis</strong></span> <span class='ocrx_word' id='word_1_83' title='bbox 1317 890 1624 950; x_wconf 85' lang='lat' dir='ltr'><strong>commeatibus</strong></span> <span class='ocrx_word' id='word_1_84' title='bbox 1643 904 1737 944; x_wconf 92' lang='lat' dir='ltr'><strong>pro-</strong></span> 
     </span>
    </p>

    <p class='ocr_par' dir='ltr' id='par_1_7' title="bbox 136 959 1738 1294">
     <span class='ocr_line' id='line_1_11' title="bbox 136 959 1738 1013; baseline -0.002 -10"><span class='ocrx_word' id='word_1_85' title='bbox 136 970 178 1002; x_wconf 86' lang='lat'><strong>10</strong></span> <span class='ocrx_word' id='word_1_86' title='bbox 204 962 401 1003; x_wconf 81' lang='lat' dir='ltr'><strong>bibebat:</strong></span> <span class='ocrx_word' id='word_1_87' title='bbox 436 960 496 1002; x_wconf 90' lang='lat' dir='ltr'><strong>sic</strong></span> <span class='ocrx_word' id='word_1_88' title='bbox 521 960 633 1000; x_wconf 84' lang='lat' dir='ltr'><strong>fame</strong></span> <span class='ocrx_word' id='word_1_89' title='bbox 653 966 791 1000; x_wconf 90' lang='lat' dir='ltr'><strong>castra</strong></span> <span class='ocrx_word' id='word_1_90' title='bbox 812 965 1019 1012; x_wconf 86' lang='lat' dir='ltr'><strong>temptata</strong></span> <span class='ocrx_word' id='word_1_91' title='bbox 1045 965 1173 1009; x_wconf 86' lang='lat' dir='ltr'><strong>sunt,</strong></span> <span class='ocrx_word' id='word_1_92' title='bbox 1205 960 1478 1013; x_wconf 88' lang='lat' dir='ltr'><strong>obsessorque</strong></span> <span class='ocrx_word' id='word_1_93' title='bbox 1505 959 1597 1013; x_wconf 91' lang='lat' dir='ltr'><strong>ipse</strong></span> <span class='ocrx_word' id='word_1_94' title='bbox 1617 960 1738 1013; x_wconf 88' lang='lat' dir='ltr'><strong>quasi</strong></span> 
     </span>
     <span class='ocr_line' id='line_1_12' title="bbox 204 1027 1737 1083; baseline -0.003 -10"><span class='ocrx_word' id='word_1_95' title='bbox 204 1032 490 1073; x_wconf 85' lang='lat' dir='ltr'><strong>obsidebatur.</strong></span> <span class='ocrx_word' id='word_1_96' title='bbox 522 1031 596 1071; x_wconf 91' lang='lat' dir='ltr'><strong>sed</strong></span> <span class='ocrx_word' id='word_1_97' title='bbox 616 1029 692 1070; x_wconf 92' lang='lat' dir='ltr'><strong>ubi</strong></span> <span class='ocrx_word' id='word_1_98' title='bbox 709 1043 795 1083; x_wconf 86' lang='lat' dir='ltr'><strong>pax</strong></span> <span class='ocrx_word' id='word_1_99' title='bbox 815 1027 1007 1069; x_wconf 88' lang='lat' dir='ltr'><strong>fluminis</strong></span> <span class='ocrx_word' id='word_1_100' title='bbox 1027 1028 1177 1078; x_wconf 88' lang='lat' dir='ltr'><strong>rediit,</strong></span> <span class='ocrx_word' id='word_1_101' title='bbox 1199 1028 1548 1083; x_wconf 80' lang='lat' dir='ltr'><strong>populationibus</strong></span> <span class='ocrx_word' id='word_1_102' title='bbox 1568 1035 1611 1070; x_wconf 87' lang='lat' dir='ltr'><strong>et</strong></span> <span class='ocrx_word' id='word_1_103' title='bbox 1630 1027 1737 1083; x_wconf 85' lang='lat' dir='ltr'><strong>pug-</strong></span> 
     </span>
     <span class='ocr_line' id='line_1_13' title="bbox 199 1097 1736 1154; baseline -0.001 -13"><span class='ocrx_word' id='word_1_104' title='bbox 199 1115 285 1142; x_wconf 89' lang='lat' dir='ltr'><strong>nae</strong></span> <span class='ocrx_word' id='word_1_105' title='bbox 305 1113 474 1154; x_wconf 90' lang='lat' dir='ltr'><strong>campos</strong></span> <span class='ocrx_word' id='word_1_106' title='bbox 494 1098 684 1154; x_wconf 81' lang='lat' dir='ltr'><strong>aperuit,</strong></span> <span class='ocrx_word' id='word_1_107' title='bbox 714 1097 870 1138; x_wconf 89' lang='lat' dir='ltr'><strong>iterum</strong></span> <span class='ocrx_word' id='word_1_108' title='bbox 898 1098 1017 1138; x_wconf 83' lang='lat' dir='ltr'><strong>ferox</strong></span> <span class='ocrx_word' id='word_1_109' title='bbox 1042 1097 1175 1138; x_wconf 88' lang='lat' dir='ltr'><strong>instat</strong></span> <span class='ocrx_word' id='word_1_110' title='bbox 1195 1105 1238 1138; x_wconf 90' lang='lat' dir='ltr'><strong>et</strong></span> <span class='ocrx_word' id='word_1_111' title='bbox 1258 1100 1454 1140; x_wconf 86' lang='lat' dir='ltr'><strong>cedentes</strong></span> <span class='ocrx_word' id='word_1_112' title='bbox 1476 1100 1531 1140; x_wconf 87' lang='lat' dir='ltr'><strong>ad</strong></span> <span class='ocrx_word' id='word_1_113' title='bbox 1552 1099 1736 1140; x_wconf 90' lang='lat' dir='ltr'><strong>Celtibe-</strong></span> 
     </span>
     <span class='ocr_line' id='line_1_14' title="bbox 201 1167 1738 1222; baseline -0.001 -11"><span class='ocrx_word' id='word_1_114' title='bbox 201 1169 309 1211; x_wconf 85' lang='lat' dir='ltr'><strong>riam</strong></span> <span class='ocrx_word' id='word_1_115' title='bbox 338 1175 591 1211; x_wconf 89' lang='lat' dir='ltr'><strong>consecutus</strong></span> <span class='ocrx_word' id='word_1_116' title='bbox 622 1181 774 1222; x_wconf 87' lang='lat' dir='ltr'><strong>aggere</strong></span> <span class='ocrx_word' id='word_1_117' title='bbox 802 1173 846 1208; x_wconf 93' lang='lat' dir='ltr'><strong>et</strong></span> <span class='ocrx_word' id='word_1_118' title='bbox 875 1167 990 1208; x_wconf 91' lang='lat' dir='ltr'><strong>uallo</strong></span> <span class='ocrx_word' id='word_1_119' title='bbox 1019 1173 1061 1207; x_wconf 91' lang='lat' dir='ltr'><strong>et</strong></span> <span class='ocrx_word' id='word_1_120' title='bbox 1090 1181 1166 1221; x_wconf 92' lang='lat' dir='ltr'><strong>per</strong></span> <span class='ocrx_word' id='word_1_121' title='bbox 1184 1167 1291 1209; x_wconf 90' lang='lat' dir='ltr'><strong>haec</strong></span> <span class='ocrx_word' id='word_1_122' title='bbox 1312 1168 1383 1209; x_wconf 91' lang='lat' dir='ltr'><strong>siti</strong></span> <span class='ocrx_word' id='word_1_123' title='bbox 1401 1170 1456 1209; x_wconf 87' lang='lat' dir='ltr'><strong>ad</strong></span> <span class='ocrx_word' id='word_1_124' title='bbox 1477 1169 1738 1210; x_wconf 87' lang='lat' dir='ltr'><strong>deditionem</strong></span> 
     </span>
     <span class='ocr_line' id='line_1_15' title="bbox 201 1236 1738 1294; baseline -0.001 -14"><span class='ocrx_word' id='word_1_125' title='bbox 201 1238 410 1294; x_wconf 85' lang='lat' dir='ltr'><strong>conpulit.</strong></span> <span class='ocrx_word' id='word_1_126' title='bbox 447 1238 508 1279; x_wconf 93' lang='lat' dir='ltr'><strong>sic</strong></span> <span class='ocrx_word' id='word_1_127' title='bbox 528 1237 696 1279; x_wconf 89' lang='lat' dir='ltr'><strong>citerior</strong></span> <span class='ocrx_word' id='word_1_128' title='bbox 714 1236 930 1290; x_wconf 85' lang='lat' dir='ltr'><strong>Hispania</strong></span> <span class='ocrx_word' id='word_1_129' title='bbox 948 1243 1118 1291; x_wconf 90' lang='lat' dir='ltr'><strong>recepta</strong></span> <span class='ocrx_word' id='word_1_130' title='bbox 1145 1244 1234 1287; x_wconf 88' lang='lat' dir='ltr'><strong>est,</strong></span> <span class='ocrx_word' id='word_1_131' title='bbox 1265 1252 1344 1279; x_wconf 91' lang='lat' dir='ltr'><strong>nec</strong></span> <span class='ocrx_word' id='word_1_132' title='bbox 1373 1238 1548 1280; x_wconf 88' lang='lat' dir='ltr'><strong>ulterior</strong></span> <span class='ocrx_word' id='word_1_133' title='bbox 1575 1253 1738 1280; x_wconf 86' lang='lat' dir='ltr'><strong>moram</strong></span> 
     </span>
    </p>

    <p class='ocr_par' dir='ltr' id='par_1_8' title="bbox 134 1306 1738 1501">
     <span class='ocr_line' id='line_1_16' title="bbox 134 1306 1738 1362; baseline -0.001 -12"><span class='ocrx_word' id='word_1_134' title='bbox 134 1318 177 1350; x_wconf 80' lang='lat'><strong>15</strong></span> <span class='ocrx_word' id='word_1_135' title='bbox 202 1309 317 1350; x_wconf 90' lang='lat' dir='ltr'><strong>fecit.</strong></span> <span class='ocrx_word' id='word_1_136' title='bbox 352 1307 456 1362; x_wconf 90' lang='lat' dir='ltr'><strong>quid</strong></span> <span class='ocrx_word' id='word_1_137' title='bbox 470 1307 586 1348; x_wconf 92' lang='lat' dir='ltr'><strong>enim</strong></span> <span class='ocrx_word' id='word_1_138' title='bbox 605 1322 693 1348; x_wconf 87' lang='lat' dir='ltr'><strong>una</strong></span> <span class='ocrx_word' id='word_1_139' title='bbox 711 1313 808 1360; x_wconf 91' lang='lat' dir='ltr'><strong>post</strong></span> <span class='ocrx_word' id='word_1_140' title='bbox 828 1306 1016 1360; x_wconf 89' lang='lat' dir='ltr'><strong>quinque</strong></span> <span class='ocrx_word' id='word_1_141' title='bbox 1035 1306 1248 1360; x_wconf 72' lang='lat' dir='ltr'><strong>legiones?</strong></span> <span class='ocrx_word' id='word_1_142' title='bbox 1268 1308 1412 1362; x_wconf 91' lang='lat' dir='ltr'><strong>itaque</strong></span> <span class='ocrx_word' id='word_1_143' title='bbox 1428 1309 1541 1350; x_wconf 91' lang='lat' dir='ltr'><strong>ultro</strong></span> <span class='ocrx_word' id='word_1_144' title='bbox 1562 1310 1738 1350; x_wconf 87' lang='lat' dir='ltr'><strong>cedente</strong></span> 
     </span>
     <span class='ocr_line' id='line_1_17' title="bbox 202 1375 1736 1424; baseline -0.001 -4"><span class='ocrx_word' id='word_1_145' title='bbox 202 1380 393 1421; x_wconf 87' lang='lat' dir='ltr'><strong>Varrone</strong></span> <span class='ocrx_word' id='word_1_146' title='bbox 428 1377 571 1418; x_wconf 85' lang='lat' dir='ltr'><strong>Gades</strong></span> <span class='ocrx_word' id='word_1_147' title='bbox 606 1375 764 1416; x_wconf 76' lang='lat' dir='ltr'><strong>fletum</strong></span> <span class='ocrx_word' id='word_1_148' title='bbox 803 1375 1025 1424; x_wconf 87' lang='lat' dir='ltr'><strong>Oceanus,</strong></span> <span class='ocrx_word' id='word_1_149' title='bbox 1073 1375 1217 1417; x_wconf 91' lang='lat' dir='ltr'><strong>omnia</strong></span> <span class='ocrx_word' id='word_1_150' title='bbox 1260 1377 1509 1420; x_wconf 86' lang='lat' dir='ltr'><strong>felicitatem</strong></span> <span class='ocrx_word' id='word_1_151' title='bbox 1544 1378 1736 1420; x_wconf 88' lang='lat' dir='ltr'><strong>Caesaris</strong></span> 
     </span>
     <span class='ocr_line' id='line_1_18' title="bbox 198 1448 502 1501; baseline -0.01 -12"><span class='ocrx_word' id='word_1_152' title='bbox 198 1448 502 1501; x_wconf 87' lang='lat' dir='ltr'><strong>sequebantur.</strong></span> 
     </span>
    </p>

    <p class='ocr_par' dir='ltr' id='par_1_9' title="bbox 199 1516 1738 1646">
     <span class='ocr_line' id='line_1_19' title="bbox 316 1516 1738 1570; baseline 0.005 -14"><span class='ocrx_word' id='word_1_153' title='bbox 316 1516 495 1570; x_wconf 90' lang='lat' dir='ltr'><strong>Aliquid</strong></span> <span class='ocrx_word' id='word_1_154' title='bbox 515 1522 660 1556; x_wconf 91' lang='lat' dir='ltr'><strong>tamen</strong></span> <span class='ocrx_word' id='word_1_155' title='bbox 680 1517 885 1557; x_wconf 86' lang='lat' dir='ltr'><strong>aduersus</strong></span> <span class='ocrx_word' id='word_1_156' title='bbox 915 1516 1135 1558; x_wconf 88' lang='lat' dir='ltr'><strong>absentem</strong></span> <span class='ocrx_word' id='word_1_157' title='bbox 1154 1519 1307 1560; x_wconf 88' lang='lat' dir='ltr'><strong>ducem</strong></span> <span class='ocrx_word' id='word_1_158' title='bbox 1328 1535 1433 1561; x_wconf 85' lang='lat' dir='ltr'><strong>ausa</strong></span> <span class='ocrx_word' id='word_1_159' title='bbox 1464 1522 1654 1562; x_wconf 87' lang='lat' dir='ltr'><strong>Fortuna</strong></span> <span class='ocrx_word' id='word_1_160' title='bbox 1674 1529 1738 1563; x_wconf 89' lang='lat' dir='ltr'><strong>est</strong></span> 
     </span>
     <span class='ocr_line' id='line_1_20' title="bbox 199 1585 1738 1646; baseline 0.005 -20"><span class='ocrx_word' id='word_1_161' title='bbox 199 1586 312 1627; x_wconf 87' lang='lat' dir='ltr'><strong>circa</strong></span> <span class='ocrx_word' id='word_1_162' title='bbox 328 1585 544 1640; x_wconf 87' lang='lat' dir='ltr'><strong>Illyricam</strong></span> <span class='ocrx_word' id='word_1_163' title='bbox 563 1592 606 1627; x_wconf 88' lang='lat' dir='ltr'><strong>et</strong></span> <span class='ocrx_word' id='word_1_164' title='bbox 619 1585 810 1626; x_wconf 87' lang='lat' dir='ltr'><strong>Africam</strong></span> <span class='ocrx_word' id='word_1_165' title='bbox 826 1600 959 1636; x_wconf 92' lang='lat' dir='ltr'><strong>oram,</strong></span> <span class='ocrx_word' id='word_1_166' title='bbox 982 1587 1104 1640; x_wconf 85' lang='lat' dir='ltr'><strong>quasi</strong></span> <span class='ocrx_word' id='word_1_167' title='bbox 1123 1588 1176 1629; x_wconf 88' lang='lat' dir='ltr'><strong>de</strong></span> <span class='ocrx_word' id='word_1_168' title='bbox 1196 1588 1408 1631; x_wconf 83' lang='lat' dir='ltr'><strong>industria</strong></span> <span class='ocrx_word' id='word_1_169' title='bbox 1427 1605 1625 1646; x_wconf 89' lang='lat' dir='ltr'><strong>prospera</strong></span> <span class='ocrx_word' id='word_1_170' title='bbox 1647 1591 1738 1633; x_wconf 85' lang='lat' dir='ltr'><strong>eius</strong></span> 
     </span>
    </p>

    <p class='ocr_par' dir='ltr' id='par_1_10' title="bbox 131 1655 1735 1987">
     <span class='ocr_line' id='line_1_21' title="bbox 131 1655 1735 1713; baseline 0.004 -18"><span class='ocrx_word' id='word_1_171' title='bbox 131 1663 177 1696; x_wconf 77' lang='lat'><strong>20</strong></span> <span class='ocrx_word' id='word_1_172' title='bbox 203 1655 390 1697; x_wconf 88' lang='lat' dir='ltr'><strong>aduersis</strong></span> <span class='ocrx_word' id='word_1_173' title='bbox 411 1655 606 1696; x_wconf 87' lang='lat' dir='ltr'><strong>radiaret.</strong></span> <span class='ocrx_word' id='word_1_174' title='bbox 641 1655 798 1710; x_wconf 91' lang='lat' dir='ltr'><strong>quippe</strong></span> <span class='ocrx_word' id='word_1_175' title='bbox 829 1670 928 1696; x_wconf 91' lang='lat' dir='ltr'><strong>cum</strong></span> <span class='ocrx_word' id='word_1_176' title='bbox 956 1656 1100 1698; x_wconf 89' lang='lat' dir='ltr'><strong>fauces</strong></span> <span class='ocrx_word' id='word_1_177' title='bbox 1127 1658 1308 1713; x_wconf 88' lang='lat' dir='ltr'><strong>Adriani</strong></span> <span class='ocrx_word' id='word_1_178' title='bbox 1337 1661 1466 1702; x_wconf 90' lang='lat' dir='ltr'><strong>maris</strong></span> <span class='ocrx_word' id='word_1_179' title='bbox 1486 1661 1592 1701; x_wconf 89' lang='lat' dir='ltr'><strong>iussi</strong></span> <span class='ocrx_word' id='word_1_180' title='bbox 1611 1675 1735 1702; x_wconf 86' lang='lat' dir='ltr'><strong>occu·</strong></span> 
     </span>
     <span class='ocr_line' id='line_1_22' title="bbox 205 1725 1735 1781; baseline 0.005 -16"><span class='ocrx_word' id='word_1_181' title='bbox 205 1740 305 1780; x_wconf 88' lang='lat' dir='ltr'><strong>pare</strong></span> <span class='ocrx_word' id='word_1_182' title='bbox 332 1725 558 1766; x_wconf 86' lang='lat' dir='ltr'><strong>Dolabella</strong></span> <span class='ocrx_word' id='word_1_183' title='bbox 586 1731 629 1766; x_wconf 92' lang='lat' dir='ltr'><strong>et</strong></span> <span class='ocrx_word' id='word_1_184' title='bbox 654 1725 895 1776; x_wconf 90' lang='lat' dir='ltr'><strong>Antonius,</strong></span> <span class='ocrx_word' id='word_1_185' title='bbox 933 1725 1008 1767; x_wconf 82' lang='lat' dir='ltr'><strong>ille</strong></span> <span class='ocrx_word' id='word_1_186' title='bbox 1036 1727 1232 1781; x_wconf 88' lang='lat' dir='ltr'><strong>Illyrico,</strong></span> <span class='ocrx_word' id='word_1_187' title='bbox 1270 1728 1341 1769; x_wconf 91' lang='lat' dir='ltr'><strong>hic</strong></span> <span class='ocrx_word' id='word_1_188' title='bbox 1370 1729 1584 1772; x_wconf 89' lang='lat' dir='ltr'><strong>Curictico</strong></span> <span class='ocrx_word' id='word_1_189' title='bbox 1611 1730 1735 1772; x_wconf 84' lang='lat' dir='ltr'><strong>litore</strong></span> 
     </span>
     <span class='ocr_line' id='line_1_23' title="bbox 200 1795 1734 1854; baseline 0.004 -19"><span class='ocrx_word' id='word_1_190' title='bbox 200 1801 338 1836; x_wconf 90' lang='lat' dir='ltr'><strong>castra</strong></span> <span class='ocrx_word' id='word_1_191' title='bbox 365 1795 608 1849; x_wconf 85' lang='lat' dir='ltr'><strong>posuissent</strong></span> <span class='ocrx_word' id='word_1_192' title='bbox 634 1795 721 1836; x_wconf 88' lang='lat' dir='ltr'><strong>iam</strong></span> <span class='ocrx_word' id='word_1_193' title='bbox 748 1796 884 1837; x_wconf 88' lang='lat' dir='ltr'><strong>maria</strong></span> <span class='ocrx_word' id='word_1_194' title='bbox 909 1795 996 1837; x_wconf 91' lang='lat' dir='ltr'><strong>late</strong></span> <span class='ocrx_word' id='word_1_195' title='bbox 1022 1803 1196 1838; x_wconf 89' lang='lat' dir='ltr'><strong>tenente</strong></span> <span class='ocrx_word' id='word_1_196' title='bbox 1218 1798 1423 1853; x_wconf 92' lang='lat' dir='ltr'><strong>Pompeio</strong></span> <span class='ocrx_word' id='word_1_197' title='bbox 1437 1831 1449 1848; x_wconf 92' lang='lat'>‚</span> <span class='ocrx_word' id='word_1_198' title='bbox 1480 1808 1655 1854; x_wconf 90' lang='lat' dir='ltr'><strong>repente</strong></span> <span class='ocrx_word' id='word_1_199' title='bbox 1676 1801 1734 1841; x_wconf 90' lang='lat' dir='ltr'><strong>le-</strong></span> 
     </span>
     <span class='ocr_line' id='line_1_24' title="bbox 199 1865 1734 1922; baseline 0.005 -17"><span class='ocrx_word' id='word_1_200' title='bbox 199 1870 326 1918; x_wconf 78' lang='lat' dir='ltr'><strong>gatus</strong></span> <span class='ocrx_word' id='word_1_201' title='bbox 347 1865 439 1906; x_wconf 88' lang='lat' dir='ltr'><strong>eius</strong></span> <span class='ocrx_word' id='word_1_202' title='bbox 459 1865 669 1906; x_wconf 87' lang='lat' dir='ltr'><strong>Octauius</strong></span> <span class='ocrx_word' id='word_1_203' title='bbox 699 1865 807 1906; x_wconf 89' lang='lat' dir='ltr'><strong>Libo</strong></span> <span class='ocrx_word' id='word_1_204' title='bbox 834 1866 1082 1921; x_wconf 86' lang='lat' dir='ltr'><strong>ingentibus</strong></span> <span class='ocrx_word' id='word_1_205' title='bbox 1110 1867 1242 1922; x_wconf 91' lang='lat' dir='ltr'><strong>copiis</strong></span> <span class='ocrx_word' id='word_1_206' title='bbox 1265 1867 1544 1910; x_wconf 87' lang='lat' dir='ltr'><strong>classicorum</strong></span> <span class='ocrx_word' id='word_1_207' title='bbox 1571 1878 1734 1911; x_wconf 88' lang='lat' dir='ltr'><strong>utrum-</strong></span> 
     </span>
     <span class='ocr_line' id='line_1_25' title="bbox 200 1933 1733 1987; baseline 0.005 -14"><span class='ocrx_word' id='word_1_208' title='bbox 200 1947 283 1986; x_wconf 91' lang='lat' dir='ltr'><strong>que</strong></span> <span class='ocrx_word' id='word_1_209' title='bbox 312 1933 610 1987; x_wconf 88' lang='lat' dir='ltr'><strong>circumuenit.</strong></span> <span class='ocrx_word' id='word_1_210' title='bbox 663 1934 924 1977; x_wconf 88' lang='lat' dir='ltr'><strong>deditionem</strong></span> <span class='ocrx_word' id='word_1_211' title='bbox 952 1937 1085 1978; x_wconf 87' lang='lat' dir='ltr'><strong>fames</strong></span> <span class='ocrx_word' id='word_1_212' title='bbox 1116 1937 1294 1978; x_wconf 83' lang='lat' dir='ltr'><strong>extorsit</strong></span> <span class='ocrx_word' id='word_1_213' title='bbox 1321 1938 1526 1980; x_wconf 91' lang='lat' dir='ltr'><strong>Antonio.</strong></span> <span class='ocrx_word' id='word_1_214' title='bbox 1579 1939 1733 1982; x_wconf 90' lang='lat' dir='ltr'><strong>missae</strong></span> 
     </span>
    </p>

    <p class='ocr_par' dir='ltr' id='par_1_11' title="bbox 128 2003 1732 2337">
     <span class='ocr_line' id='line_1_26' title="bbox 128 2003 1732 2063; baseline 0.005 -20"><span class='ocrx_word' id='word_1_215' title='bbox 128 2009 172 2042; x_wconf 86' lang='lat'><strong>25</strong></span> <span class='ocrx_word' id='word_1_216' title='bbox 200 2017 367 2057; x_wconf 90' lang='lat' dir='ltr'><strong>quoque</strong></span> <span class='ocrx_word' id='word_1_217' title='bbox 388 2018 414 2044; x_wconf 88' lang='lat' dir='ltr'><strong>a</strong></span> <span class='ocrx_word' id='word_1_218' title='bbox 433 2003 577 2045; x_wconf 85' lang='lat' dir='ltr'><strong>Basilo</strong></span> <span class='ocrx_word' id='word_1_219' title='bbox 597 2003 644 2044; x_wconf 91' lang='lat' dir='ltr'><strong>in</strong></span> <span class='ocrx_word' id='word_1_220' title='bbox 671 2003 883 2046; x_wconf 83' lang='lat' dir='ltr'><strong>auxilium</strong></span> <span class='ocrx_word' id='word_1_221' title='bbox 913 2005 1005 2047; x_wconf 91' lang='lat' dir='ltr'><strong>eius</strong></span> <span class='ocrx_word' id='word_1_222' title='bbox 1032 2013 1170 2056; x_wconf 87' lang='lat' dir='ltr'><strong>rates,</strong></span> <span class='ocrx_word' id='word_1_223' title='bbox 1204 2008 1352 2061; x_wconf 88' lang='lat' dir='ltr'><strong>quales</strong></span> <span class='ocrx_word' id='word_1_224' title='bbox 1378 2008 1525 2063; x_wconf 87' lang='lat' dir='ltr'><strong>inopia</strong></span> <span class='ocrx_word' id='word_1_225' title='bbox 1553 2010 1732 2051; x_wconf 85' lang='lat' dir='ltr'><strong>nauium</strong></span> 
     </span>
     <span class='ocr_line' id='line_1_27' title="bbox 198 2071 1731 2128; baseline 0.005 -16"><span class='ocrx_word' id='word_1_226' title='bbox 198 2071 402 2123; x_wconf 86' lang='lat' dir='ltr'><strong>fecerant,</strong></span> <span class='ocrx_word' id='word_1_227' title='bbox 424 2087 539 2114; x_wconf 86' lang='lat' dir='ltr'><strong>noua</strong></span> <span class='ocrx_word' id='word_1_228' title='bbox 558 2074 918 2128; x_wconf 88' lang='lat' dir='ltr'><strong>Pompeianorum</strong></span> <span class='ocrx_word' id='word_1_229' title='bbox 937 2082 1028 2117; x_wconf 87' lang='lat' dir='ltr'><strong>arte</strong></span> <span class='ocrx_word' id='word_1_230' title='bbox 1049 2075 1235 2117; x_wconf 90' lang='lat' dir='ltr'><strong>Cilicum</strong></span> <span class='ocrx_word' id='word_1_231' title='bbox 1255 2077 1360 2119; x_wconf 91' lang='lat' dir='ltr'><strong>actis</strong></span> <span class='ocrx_word' id='word_1_232' title='bbox 1390 2079 1470 2119; x_wconf 92' lang='lat' dir='ltr'><strong>sub</strong></span> <span class='ocrx_word' id='word_1_233' title='bbox 1491 2079 1599 2119; x_wconf 90' lang='lat' dir='ltr'><strong>mari</strong></span> <span class='ocrx_word' id='word_1_234' title='bbox 1619 2079 1731 2119; x_wconf 88' lang='lat' dir='ltr'><strong>funi·</strong></span> 
     </span>
     <span class='ocr_line' id='line_1_28' title="bbox 194 2142 1727 2202; baseline 0.004 -19"><span class='ocrx_word' id='word_1_235' title='bbox 194 2142 276 2183; x_wconf 90' lang='lat' dir='ltr'><strong>bus</strong></span> <span class='ocrx_word' id='word_1_236' title='bbox 296 2149 444 2197; x_wconf 88' lang='lat' dir='ltr'><strong>captae</strong></span> <span class='ocrx_word' id='word_1_237' title='bbox 464 2143 587 2197; x_wconf 87' lang='lat' dir='ltr'><strong>quasi</strong></span> <span class='ocrx_word' id='word_1_238' title='bbox 606 2158 681 2198; x_wconf 89' lang='lat' dir='ltr'><strong>per</strong></span> <span class='ocrx_word' id='word_1_239' title='bbox 709 2143 972 2198; x_wconf 88' lang='lat' dir='ltr'><strong>indaginem.</strong></span> <span class='ocrx_word' id='word_1_240' title='bbox 1022 2146 1128 2187; x_wconf 89' lang='lat' dir='ltr'><strong>duas</strong></span> <span class='ocrx_word' id='word_1_241' title='bbox 1159 2154 1303 2188; x_wconf 89' lang='lat' dir='ltr'><strong>tamen</strong></span> <span class='ocrx_word' id='word_1_242' title='bbox 1332 2156 1475 2189; x_wconf 84' lang='lat' dir='ltr'><strong>aestus</strong></span> <span class='ocrx_word' id='word_1_243' title='bbox 1506 2148 1727 2202; x_wconf 88' lang='lat' dir='ltr'><strong>explicuit.</strong></span> 
     </span>
     <span class='ocr_line' id='line_1_29' title="bbox 195 2212 1728 2272; baseline 0.005 -21"><span class='ocrx_word' id='word_1_244' title='bbox 195 2225 299 2260; x_wconf 89' lang='lat' dir='ltr'><strong>una,</strong></span> <span class='ocrx_word' id='word_1_245' title='bbox 322 2226 431 2264; x_wconf 90' lang='lat' dir='ltr'><strong>quae</strong></span> <span class='ocrx_word' id='word_1_246' title='bbox 451 2212 727 2266; x_wconf 86' lang='lat' dir='ltr'><strong>Opiterginos</strong></span> <span class='ocrx_word' id='word_1_247' title='bbox 749 2215 926 2263; x_wconf 86' lang='lat' dir='ltr'><strong>ferebat,</strong></span> <span class='ocrx_word' id='word_1_248' title='bbox 949 2215 995 2254; x_wconf 91' lang='lat' dir='ltr'><strong>in</strong></span> <span class='ocrx_word' id='word_1_249' title='bbox 1016 2215 1140 2255; x_wconf 89' lang='lat' dir='ltr'><strong>uadis</strong></span> <span class='ocrx_word' id='word_1_250' title='bbox 1161 2215 1300 2256; x_wconf 89' lang='lat' dir='ltr'><strong>haesit</strong></span> <span class='ocrx_word' id='word_1_251' title='bbox 1319 2219 1728 2272; x_wconf 90' lang='lat' dir='ltr'><strong>memorandumque</strong></span> 
     </span>
     <span class='ocr_line' id='line_1_30' title="bbox 195 2279 1729 2337; baseline 0.007 -19"><span class='ocrx_word' id='word_1_252' title='bbox 195 2279 373 2333; x_wconf 89' lang='lat' dir='ltr'><strong>posteris</strong></span> <span class='ocrx_word' id='word_1_253' title='bbox 394 2280 638 2334; x_wconf 89' lang='lat' dir='ltr'><strong>exemplum</strong></span> <span class='ocrx_word' id='word_1_254' title='bbox 658 2282 789 2322; x_wconf 90' lang='lat' dir='ltr'><strong>dedit.</strong></span> <span class='ocrx_word' id='word_1_255' title='bbox 836 2282 994 2337; x_wconf 91' lang='lat' dir='ltr'><strong>quippe</strong></span> <span class='ocrx_word' id='word_1_256' title='bbox 1016 2283 1092 2324; x_wconf 88' lang='lat' dir='ltr'><strong>uix</strong></span> <span class='ocrx_word' id='word_1_257' title='bbox 1111 2283 1230 2324; x_wconf 91' lang='lat' dir='ltr'><strong>mille</strong></span> <span class='ocrx_word' id='word_1_258' title='bbox 1250 2284 1458 2326; x_wconf 90' lang='lat' dir='ltr'><strong>iuuenum</strong></span> <span class='ocrx_word' id='word_1_259' title='bbox 1478 2301 1631 2329; x_wconf 86' lang='lat' dir='ltr'><strong>manus</strong></span> <span class='ocrx_word' id='word_1_260' title='bbox 1651 2288 1729 2329; x_wconf 89' lang='lat' dir='ltr'><strong>cir-</strong></span> 
     </span>
    </p>

    <p class='ocr_par' dir='ltr' id='par_1_12' title="bbox 126 2347 1730 2406">
     <span class='ocr_line' id='line_1_31' title="bbox 126 2347 1730 2406; baseline 0.007 -19"><span class='ocrx_word' id='word_1_261' title='bbox 126 2356 171 2388; x_wconf 85' lang='lat'><strong>30</strong></span> <span class='ocrx_word' id='word_1_262' title='bbox 197 2347 381 2389; x_wconf 84' lang='lat' dir='ltr'><strong>cumfusi</strong></span> <span class='ocrx_word' id='word_1_263' title='bbox 400 2349 590 2403; x_wconf 89' lang='lat' dir='ltr'><strong>undique</strong></span> <span class='ocrx_word' id='word_1_264' title='bbox 608 2350 819 2392; x_wconf 87' lang='lat' dir='ltr'><strong>exercitus</strong></span> <span class='ocrx_word' id='word_1_265' title='bbox 836 2366 912 2406; x_wconf 92' lang='lat' dir='ltr'><strong>per</strong></span> <span class='ocrx_word' id='word_1_266' title='bbox 932 2358 1071 2393; x_wconf 88' lang='lat' dir='ltr'><strong>totum</strong></span> <span class='ocrx_word' id='word_1_267' title='bbox 1090 2353 1204 2394; x_wconf 87' lang='lat' dir='ltr'><strong>diem</strong></span> <span class='ocrx_word' id='word_1_268' title='bbox 1226 2355 1310 2395; x_wconf 91' lang='lat' dir='ltr'><strong>tela</strong></span> <span class='ocrx_word' id='word_1_269' title='bbox 1327 2355 1549 2406; x_wconf 86' lang='lat' dir='ltr'><strong>sustinuit,</strong></span> <span class='ocrx_word' id='word_1_270' title='bbox 1572 2364 1615 2398; x_wconf 90' lang='lat' dir='ltr'><strong>et</strong></span> <span class='ocrx_word' id='word_1_271' title='bbox 1631 2372 1730 2398; x_wconf 92' lang='lat' dir='ltr'><strong>cum</strong></span> 
     </span>
    </p>
   </div>
   <div class='ocr_carea' id='block_1_3' title="bbox 194 2458 1729 2902">
    <p class='ocr_par' dir='ltr' id='par_1_13' title="bbox 200 2458 1712 2515">
     <span class='ocr_line' id='line_1_32' title="bbox 200 2458 1712 2515; baseline 0.008 -24"><span class='ocrx_word' id='word_1_272' title='bbox 200 2459 213 2491; x_wconf 93' lang='lat'>1</span> <span class='ocrx_word' id='word_1_273' title='bbox 234 2458 356 2492; x_wconf 85' lang='lat' dir='ltr'><strong>abenti</strong></span> <span class='ocrx_word' id='word_1_274' title='bbox 371 2466 405 2492; x_wconf 99' lang='lat' dir='ltr'><em>N</em></span> <span class='ocrx_word' id='word_1_275' title='bbox 419 2458 431 2504; x_wconf 74' lang='lat' dir='ltr'>ss</span> <span class='ocrx_word' id='word_1_276' title='bbox 448 2459 511 2495; x_wconf 85' lang='lat' dir='ltr'><strong>sed</strong></span> <span class='ocrx_word' id='word_1_277' title='bbox 528 2459 662 2495; x_wconf 89' lang='lat' dir='ltr'><strong>uallum</strong></span> <span class='ocrx_word' id='word_1_278' title='bbox 678 2469 704 2496; x_wconf 90' lang='grc' dir='ltr'><em>Β</em></span> <span class='ocrx_word' id='word_1_279' title='bbox 722 2461 733 2507; x_wconf 78' lang='grc' dir='ltr'><strong>ΙῙ</strong></span> <span class='ocrx_word' id='word_1_280' title='bbox 750 2464 770 2495; x_wconf 84' lang='grc'>2</span> <span class='ocrx_word' id='word_1_281' title='bbox 789 2462 859 2497; x_wconf 81' lang='lat' dir='ltr'><strong>iam</strong></span> <span class='ocrx_word' id='word_1_282' title='bbox 873 2475 929 2497; x_wconf 89' lang='lat' dir='ltr'><strong>om</strong></span> <span class='ocrx_word' id='word_1_283' title='bbox 946 2471 976 2497; x_wconf 95' lang='lat' dir='ltr'><em>N</em></span> <span class='ocrx_word' id='word_1_284' title='bbox 992 2464 1003 2508; x_wconf 86' lang='grc' dir='ltr'><strong>ΙΙ</strong></span> <span class='ocrx_word' id='word_1_285' title='bbox 1022 2466 1042 2498; x_wconf 73' lang='grc'>4</span> <span class='ocrx_word' id='word_1_286' title='bbox 1069 2475 1146 2499; x_wconf 87' lang='lat' dir='ltr'><strong>sese</strong></span> <span class='ocrx_word' id='word_1_287' title='bbox 1162 2464 1282 2499; x_wconf 85' lang='lat' dir='ltr'><strong>ablata</strong></span> <span class='ocrx_word' id='word_1_288' title='bbox 1299 2467 1419 2500; x_wconf 87' lang='lat' dir='ltr'><strong>omnia</strong></span> <span class='ocrx_word' id='word_1_289' title='bbox 1433 2475 1466 2501; x_wconf 91' lang='lat' dir='ltr'><em>N</em></span> <span class='ocrx_word' id='word_1_290' title='bbox 1482 2468 1492 2512; x_wconf 74' lang='grc' dir='ltr'>Η</span> <span class='ocrx_word' id='word_1_291' title='bbox 1510 2468 1641 2502; x_wconf 85' lang='lat' dir='ltr'><strong>abbata</strong></span> <span class='ocrx_word' id='word_1_292' title='bbox 1656 2478 1681 2503; x_wconf 85' lang='grc' dir='ltr'><em>Β</em></span> <span class='ocrx_word' id='word_1_293' title='bbox 1698 2470 1712 2515; x_wconf 68' lang='lat' dir='ltr'>ss</span> 
     </span>
    </p>

    <p class='ocr_par' dir='ltr' id='par_1_14' title="bbox 194 2515 1729 2847">
     <span class='ocr_line' id='line_1_33' title="bbox 195 2515 1724 2568; baseline 0.008 -21"><span class='ocrx_word' id='word_1_294' title='bbox 195 2515 216 2548; x_wconf 83' lang='lat'>6</span> <span class='ocrx_word' id='word_1_295' title='bbox 233 2518 271 2548; x_wconf 89' lang='lat' dir='ltr'><strong>et</strong></span> <span class='ocrx_word' id='word_1_296' title='bbox 285 2519 473 2548; x_wconf 88' lang='lat' dir='ltr'><strong>cruentum</strong></span> <span class='ocrx_word' id='word_1_297' title='bbox 488 2523 521 2548; x_wconf 88' lang='grc' dir='ltr'><em>Ν</em></span> <span class='ocrx_word' id='word_1_298' title='bbox 536 2515 547 2560; x_wconf 90' lang='grc' dir='ltr'><strong>ΙΙ</strong></span> <span class='ocrx_word' id='word_1_299' title='bbox 566 2519 584 2549; x_wconf 84' lang='lat'><strong>&#39;1</strong></span> <span class='ocrx_word' id='word_1_300' title='bbox 603 2516 773 2552; x_wconf 82' lang='lat' dir='ltr'><strong>africanio</strong></span> <span class='ocrx_word' id='word_1_301' title='bbox 790 2518 810 2552; x_wconf 81' lang='grc' dir='ltr'><strong>ὁ</strong></span> <span class='ocrx_word' id='word_1_302' title='bbox 828 2519 839 2565; x_wconf 78' lang='grc' dir='ltr'><strong>[Ι</strong></span> <span class='ocrx_word' id='word_1_303' title='bbox 858 2522 878 2553; x_wconf 88' lang='lat'>8</span> <span class='ocrx_word' id='word_1_304' title='bbox 902 2519 1033 2554; x_wconf 86' lang='lat' dir='ltr'><strong>sicorin</strong></span> <span class='ocrx_word' id='word_1_305' title='bbox 1058 2528 1088 2554; x_wconf 89' lang='grc' dir='ltr'><em>Ν</em></span> <span class='ocrx_word' id='word_1_306' title='bbox 1105 2521 1116 2565; x_wconf 73' lang='grc' dir='ltr'>Η</span> <span class='ocrx_word' id='word_1_307' title='bbox 1135 2521 1298 2566; x_wconf 86' lang='lat' dir='ltr'><strong>opsidere</strong></span> <span class='ocrx_word' id='word_1_308' title='bbox 1323 2530 1358 2556; x_wconf 91' lang='grc' dir='ltr'><em>Ν</em></span> <span class='ocrx_word' id='word_1_309' title='bbox 1371 2523 1382 2568; x_wconf 81' lang='grc' dir='ltr'><strong>ΙΙ</strong></span> <span class='ocrx_word' id='word_1_310' title='bbox 1401 2525 1421 2556; x_wconf 85' lang='grc'>9</span> <span class='ocrx_word' id='word_1_311' title='bbox 1448 2523 1671 2559; x_wconf 85' lang='lat' dir='ltr'><strong>habundatio</strong></span> <span class='ocrx_word' id='word_1_312' title='bbox 1688 2534 1724 2567; x_wconf 86' lang='grc' dir='ltr'><em>Β,</em></span> 
     </span>
     <span class='ocr_line' id='line_1_34' title="bbox 195 2568 1729 2626; baseline 0.009 -24"><span class='ocrx_word' id='word_1_313' title='bbox 195 2568 465 2604; x_wconf 88' lang='lat' dir='ltr'><strong>abundantione</strong></span> <span class='ocrx_word' id='word_1_314' title='bbox 488 2578 519 2604; x_wconf 98' lang='lat' dir='ltr'><em>N</em></span> <span class='ocrx_word' id='word_1_315' title='bbox 535 2571 546 2616; x_wconf 81' lang='lat' dir='ltr'>ss</span> <span class='ocrx_word' id='word_1_316' title='bbox 580 2573 800 2608; x_wconf 82' lang='lat' dir='ltr'><strong>comeatibus</strong></span> <span class='ocrx_word' id='word_1_317' title='bbox 831 2575 885 2621; x_wconf 78' lang='lat' dir='ltr'><strong>Bss</strong></span> <span class='ocrx_word' id='word_1_318' title='bbox 909 2576 1076 2621; x_wconf 83' lang='lat' dir='ltr'><strong>prohibet</strong></span> <span class='ocrx_word' id='word_1_319' title='bbox 1107 2584 1140 2610; x_wconf 89' lang='lat' dir='ltr'><em>N</em></span> <span class='ocrx_word' id='word_1_320' title='bbox 1162 2576 1174 2622; x_wconf 79' lang='grc' dir='ltr'>Η</span> <span class='ocrx_word' id='word_1_321' title='bbox 1202 2579 1240 2611; x_wconf 89' lang='grc'><strong>11</strong></span> <span class='ocrx_word' id='word_1_322' title='bbox 1277 2577 1516 2614; x_wconf 89' lang='lat' dir='ltr'><strong>obsedebatur</strong></span> <span class='ocrx_word' id='word_1_323' title='bbox 1539 2589 1565 2614; x_wconf 83' lang='lat' dir='ltr'><em>B</em></span> <span class='ocrx_word' id='word_1_324' title='bbox 1591 2581 1601 2626; x_wconf 87' lang='grc' dir='ltr'><strong>ΙΙ</strong></span> <span class='ocrx_word' id='word_1_325' title='bbox 1626 2582 1729 2616; x_wconf 77' lang='lat' dir='ltr'><strong>&#39;redit</strong></span> 
     </span>
     <span class='ocr_line' id='line_1_35' title="bbox 195 2625 1726 2678; baseline 0.008 -20"><span class='ocrx_word' id='word_1_326' title='bbox 195 2625 255 2670; x_wconf 76' lang='grc' dir='ltr'><strong>ΝΗ</strong></span> <span class='ocrx_word' id='word_1_327' title='bbox 272 2625 564 2671; x_wconf 83' lang='lat' dir='ltr'><strong>pabulationibus</strong></span> <span class='ocrx_word' id='word_1_328' title='bbox 579 2627 724 2672; x_wconf 47' lang='lat' dir='ltr'><strong>Lupum</strong></span> <span class='ocrx_word' id='word_1_329' title='bbox 740 2628 752 2673; x_wconf 74' lang='grc' dir='ltr'><strong>ΙΙ</strong></span> <span class='ocrx_word' id='word_1_330' title='bbox 778 2641 901 2676; x_wconf 87' lang='lat' dir='ltr'><strong>pugna</strong></span> <span class='ocrx_word' id='word_1_331' title='bbox 924 2640 950 2666; x_wconf 92' lang='grc' dir='ltr'><em>Β</em></span> <span class='ocrx_word' id='word_1_332' title='bbox 967 2632 978 2676; x_wconf 78' lang='grc' dir='ltr'><strong>ΙΙ</strong></span> <span class='ocrx_word' id='word_1_333' title='bbox 1000 2634 1040 2666; x_wconf 82' lang='grc'><strong>12</strong></span> <span class='ocrx_word' id='word_1_334' title='bbox 1057 2643 1079 2666; x_wconf 90' lang='lat' dir='ltr'><strong>a</strong></span> <span class='ocrx_word' id='word_1_335' title='bbox 1102 2641 1127 2666; x_wconf 89' lang='grc' dir='ltr'><em>Β</em></span> <span class='ocrx_word' id='word_1_336' title='bbox 1144 2632 1155 2678; x_wconf 87' lang='grc' dir='ltr'><strong>ΙΙ</strong></span> <span class='ocrx_word' id='word_1_337' title='bbox 1183 2633 1410 2668; x_wconf 85' lang='lat' dir='ltr'><strong>celteueriam</strong></span> <span class='ocrx_word' id='word_1_338' title='bbox 1437 2635 1474 2676; x_wconf 84' lang='lat' dir='ltr'><strong>b,</strong></span> <span class='ocrx_word' id='word_1_339' title='bbox 1506 2636 1726 2671; x_wconf 83' lang='lat' dir='ltr'><strong>celtiueriam</strong></span> 
     </span>
     <span class='ocr_line' id='line_1_36' title="bbox 194 2681 1726 2737; baseline 0.008 -24"><span class='ocrx_word' id='word_1_340' title='bbox 194 2687 220 2714; x_wconf 97' lang='grc' dir='ltr'><em>Β</em></span> <span class='ocrx_word' id='word_1_341' title='bbox 237 2681 249 2726; x_wconf 83' lang='grc' dir='ltr'><strong>ΙΙ</strong></span> <span class='ocrx_word' id='word_1_342' title='bbox 270 2683 311 2715; x_wconf 82' lang='grc'><strong>14</strong></span> <span class='ocrx_word' id='word_1_343' title='bbox 329 2681 483 2716; x_wconf 86' lang='lat' dir='ltr'><strong>contulit</strong></span> <span class='ocrx_word' id='word_1_344' title='bbox 497 2691 523 2716; x_wconf 83' lang='lat' dir='ltr'><em>B</em></span> <span class='ocrx_word' id='word_1_345' title='bbox 540 2684 551 2729; x_wconf 78' lang='lat' dir='ltr'>ss</span> <span class='ocrx_word' id='word_1_346' title='bbox 573 2686 613 2718; x_wconf 90' lang='grc'><strong>16</strong></span> <span class='ocrx_word' id='word_1_347' title='bbox 630 2684 772 2719; x_wconf 84' lang='lat' dir='ltr'><strong>oceanis</strong></span> <span class='ocrx_word' id='word_1_348' title='bbox 787 2693 813 2719; x_wconf 85' lang='lat' dir='ltr'><em>B</em></span> <span class='ocrx_word' id='word_1_349' title='bbox 830 2686 841 2731; x_wconf 79' lang='lat' dir='ltr'>ss</span> <span class='ocrx_word' id='word_1_350' title='bbox 863 2689 902 2720; x_wconf 83' lang='lat'><strong>19</strong></span> <span class='ocrx_word' id='word_1_351' title='bbox 921 2687 1101 2733; x_wconf 84' lang='lat' dir='ltr'><strong>Illyricam</strong></span> <span class='ocrx_word' id='word_1_352' title='bbox 1124 2689 1309 2734; x_wconf 72' lang='lat' dir='ltr'><strong>Hauptius</strong></span> <span class='ocrx_word' id='word_1_353' title='bbox 1321 2703 1333 2723; x_wconf 92' lang='lat'><strong>.·</strong></span> <span class='ocrx_word' id='word_1_354' title='bbox 1366 2690 1513 2724; x_wconf 87' lang='lat' dir='ltr'><strong>illirium</strong></span> <span class='ocrx_word' id='word_1_355' title='bbox 1538 2700 1580 2732; x_wconf 91' lang='grc' dir='ltr'><strong>Β,</strong></span> <span class='ocrx_word' id='word_1_356' title='bbox 1615 2692 1726 2737; x_wconf 72' lang='lat' dir='ltr'><strong>illyri-</strong></span> 
     </span>
     <span class='ocr_line' id='line_1_37' title="bbox 195 2737 1726 2791; baseline 0.007 -21"><span class='ocrx_word' id='word_1_357' title='bbox 195 2746 276 2770; x_wconf 81' lang='lat' dir='ltr'><strong>cum</strong></span> <span class='ocrx_word' id='word_1_358' title='bbox 291 2745 324 2771; x_wconf 90' lang='lat' dir='ltr'><em>N</em></span> <span class='ocrx_word' id='word_1_359' title='bbox 339 2737 350 2781; x_wconf 78' lang='grc' dir='ltr'><strong>ΙΙ</strong></span> <span class='ocrx_word' id='word_1_360' title='bbox 367 2738 524 2772; x_wconf 78' lang='lat' dir='ltr'><strong>Africam</strong></span> <span class='ocrx_word' id='word_1_361' title='bbox 543 2750 641 2773; x_wconf 87' lang='lat' dir='ltr'><strong>oram</strong></span> <span class='ocrx_word' id='word_1_362' title='bbox 657 2739 862 2784; x_wconf 69' lang='lat' dir='ltr'><strong>Hauptim:</strong></span> <span class='ocrx_word' id='word_1_363' title='bbox 887 2742 1032 2778; x_wconf 81' lang='lat' dir='ltr'><strong>africam</strong></span> <span class='ocrx_word' id='word_1_364' title='bbox 1048 2745 1202 2779; x_wconf 86' lang='lat' dir='ltr'><strong>moranti</strong></span> <span class='ocrx_word' id='word_1_365' title='bbox 1217 2754 1254 2787; x_wconf 90' lang='grc' dir='ltr'><strong>Β,</strong></span> <span class='ocrx_word' id='word_1_366' title='bbox 1274 2746 1418 2780; x_wconf 85' lang='lat' dir='ltr'><strong>africam</strong></span> <span class='ocrx_word' id='word_1_367' title='bbox 1435 2755 1467 2780; x_wconf 92' lang='lat' dir='ltr'><em>N</em></span> <span class='ocrx_word' id='word_1_368' title='bbox 1482 2748 1492 2791; x_wconf 82' lang='grc' dir='ltr'><strong>ΙΙ</strong></span> <span class='ocrx_word' id='word_1_369' title='bbox 1512 2749 1554 2780; x_wconf 84' lang='grc'><strong>20</strong></span> <span class='ocrx_word' id='word_1_370' title='bbox 1571 2747 1726 2781; x_wconf 84' lang='lat' dir='ltr'><strong>radiaret</strong></span> 
     </span>
     <span class='ocr_line' id='line_1_38' title="bbox 195 2791 1708 2847; baseline 0.005 -21"><span class='ocrx_word' id='word_1_371' title='bbox 195 2791 227 2833; x_wconf 82' lang='lat' dir='ltr'><strong>b,</strong></span> <span class='ocrx_word' id='word_1_372' title='bbox 245 2793 426 2828; x_wconf 79' lang='lat' dir='ltr'><strong>radiarent</strong></span> <span class='ocrx_word' id='word_1_373' title='bbox 439 2802 476 2836; x_wconf 88' lang='grc' dir='ltr'><em>Β,</em></span> <span class='ocrx_word' id='word_1_374' title='bbox 496 2794 719 2829; x_wconf 85' lang='lat' dir='ltr'><strong>radiarentur</strong></span> <span class='ocrx_word' id='word_1_375' title='bbox 733 2803 768 2830; x_wconf 87' lang='lat' dir='ltr'><em>N</em></span> <span class='ocrx_word' id='word_1_376' title='bbox 781 2796 793 2842; x_wconf 84' lang='grc' dir='ltr'><strong>Ι]</strong></span> <span class='ocrx_word' id='word_1_377' title='bbox 810 2797 916 2833; x_wconf 86' lang='lat' dir='ltr'><strong>iussit</strong></span> <span class='ocrx_word' id='word_1_378' title='bbox 929 2807 955 2834; x_wconf 88' lang='grc' dir='ltr'><em>Β</em></span> <span class='ocrx_word' id='word_1_379' title='bbox 972 2800 984 2845; x_wconf 85' lang='grc' dir='ltr'><strong>ΙΙ</strong></span> <span class='ocrx_word' id='word_1_380' title='bbox 1002 2802 1040 2834; x_wconf 86' lang='grc'><strong>21</strong></span> <span class='ocrx_word' id='word_1_381' title='bbox 1063 2801 1215 2847; x_wconf 84' lang='lat' dir='ltr'><strong>syretico</strong></span> <span class='ocrx_word' id='word_1_382' title='bbox 1231 2810 1256 2835; x_wconf 86' lang='grc' dir='ltr'><em>Β</em></span> <span class='ocrx_word' id='word_1_383' title='bbox 1274 2802 1284 2846; x_wconf 79' lang='grc' dir='ltr'>Η</span> <span class='ocrx_word' id='word_1_384' title='bbox 1303 2804 1347 2835; x_wconf 84' lang='lat'><strong>23</strong></span> <span class='ocrx_word' id='word_1_385' title='bbox 1364 2801 1516 2846; x_wconf 89' lang='lat' dir='ltr'><strong>genibus</strong></span> <span class='ocrx_word' id='word_1_386' title='bbox 1533 2801 1645 2846; x_wconf 82' lang='lat' dir='ltr'><strong>copiis</strong></span> <span class='ocrx_word' id='word_1_387' title='bbox 1657 2809 1679 2834; x_wconf 86' lang='grc' dir='ltr'><em>Β</em></span> <span class='ocrx_word' id='word_1_388' title='bbox 1697 2803 1708 2846; x_wconf 74' lang='grc' dir='ltr'>Η</span> 
     </span>
    </p>

    <p class='ocr_par' dir='ltr' id='par_1_15' title="bbox 196 2847 1722 2902">
     <span class='ocr_line' id='line_1_39' title="bbox 196 2847 1722 2902; baseline 0.007 -22"><span class='ocrx_word' id='word_1_389' title='bbox 196 2847 239 2880; x_wconf 83' lang='lat'><strong>25</strong></span> <span class='ocrx_word' id='word_1_390' title='bbox 256 2858 278 2880; x_wconf 88' lang='lat' dir='ltr'><strong>a</strong></span> <span class='ocrx_word' id='word_1_391' title='bbox 292 2848 412 2883; x_wconf 81' lang='lat' dir='ltr'><strong>Basilo</strong></span> <span class='ocrx_word' id='word_1_392' title='bbox 428 2850 544 2884; x_wconf 70' lang='lat' dir='ltr'><strong>Aldus</strong></span> <span class='ocrx_word' id='word_1_393' title='bbox 556 2864 568 2883; x_wconf 91' lang='lat'><strong>.·</strong></span> <span class='ocrx_word' id='word_1_394' title='bbox 593 2851 638 2885; x_wconf 92' lang='lat' dir='ltr'><strong>ab</strong></span> <span class='ocrx_word' id='word_1_395' title='bbox 654 2850 742 2885; x_wconf 90' lang='lat' dir='ltr'><strong>latio</strong></span> <span class='ocrx_word' id='word_1_396' title='bbox 758 2860 804 2894; x_wconf 84' lang='grc' dir='ltr'><em>Β,</em></span> <span class='ocrx_word' id='word_1_397' title='bbox 830 2865 853 2888; x_wconf 90' lang='lat' dir='ltr'><strong>a</strong></span> <span class='ocrx_word' id='word_1_398' title='bbox 868 2854 982 2890; x_wconf 87' lang='lat' dir='ltr'><strong>blasio</strong></span> <span class='ocrx_word' id='word_1_399' title='bbox 997 2864 1031 2890; x_wconf 88' lang='lat' dir='ltr'><em>N</em></span> <span class='ocrx_word' id='word_1_400' title='bbox 1045 2857 1056 2902; x_wconf 77' lang='grc' dir='ltr'><strong>ΙΙ</strong></span> <span class='ocrx_word' id='word_1_401' title='bbox 1075 2859 1118 2891; x_wconf 87' lang='grc'><strong>26</strong></span> <span class='ocrx_word' id='word_1_402' title='bbox 1135 2857 1268 2891; x_wconf 83' lang='lat' dir='ltr'><strong>fecerat</strong></span> <span class='ocrx_word' id='word_1_403' title='bbox 1283 2865 1315 2890; x_wconf 91' lang='lat' dir='ltr'><em>N</em></span> <span class='ocrx_word' id='word_1_404' title='bbox 1330 2857 1340 2900; x_wconf 67' lang='lat' dir='ltr'><strong>{l</strong></span> <span class='ocrx_word' id='word_1_405' title='bbox 1359 2868 1455 2890; x_wconf 85' lang='lat' dir='ltr'><strong>mare</strong></span> <span class='ocrx_word' id='word_1_406' title='bbox 1474 2856 1493 2889; x_wconf 85' lang='lat' dir='ltr'><strong>b</strong></span> <span class='ocrx_word' id='word_1_407' title='bbox 1511 2856 1522 2900; x_wconf 77' lang='lat' dir='ltr'><strong>il</strong></span> <span class='ocrx_word' id='word_1_408' title='bbox 1542 2858 1584 2890; x_wconf 89' lang='grc'><strong>29</strong></span> <span class='ocrx_word' id='word_1_409' title='bbox 1602 2869 1722 2891; x_wconf 80' lang='lat' dir='ltr'><strong>exem-</strong></span> 
     </span>
    </p>
   </div>
   <div class='ocr_carea' id='block_1_4' title="bbox 193 2900 1504 3010">
    <p class='ocr_par' dir='ltr' id='par_1_16' title="bbox 193 2900 1504 3010">
     <span class='ocr_line' id='line_1_40' title="bbox 193 2900 847 2955; baseline 0.014 -21"><span class='ocrx_word' id='word_1_410' title='bbox 193 2900 292 2946; x_wconf 90' lang='lat' dir='ltr'><strong>plum</strong></span> <span class='ocrx_word' id='word_1_411' title='bbox 309 2903 570 2940; x_wconf 67' lang='lat' dir='ltr'><strong>Reimhemius</strong></span> <span class='ocrx_word' id='word_1_412' title='bbox 581 2920 593 2939; x_wconf 89' lang='grc'><strong>.·</strong></span> <span class='ocrx_word' id='word_1_413' title='bbox 617 2907 755 2942; x_wconf 85' lang='lat' dir='ltr'><strong>exitum</strong></span> <span class='ocrx_word' id='word_1_414' title='bbox 771 2917 822 2943; x_wconf 83' lang='grc' dir='ltr'><strong>ΙΝ</strong></span> <span class='ocrx_word' id='word_1_415' title='bbox 835 2910 847 2955; x_wconf 77' lang='grc' dir='ltr'><strong>ΙΙ</strong></span> 
     </span>
     <span class='ocr_line' id='line_1_41' title="bbox 232 2965 1504 3010; baseline 0.029 -20"><span class='ocrx_word' id='word_1_416' title='bbox 232 2965 385 2994; x_wconf 71' lang='lat' dir='ltr'><strong>rnoavs.</strong></span> <span class='ocrx_word' id='word_1_417' title='bbox 1485 2980 1504 3010; x_wconf 83' lang='lat'><em>⁷</em></span> 
     </span>
    </p>
   </div>
  </div>
 </body>
</html>
