2002 3320
751 247 950 275 nrrrom
971 247 1004 284 1,
1027 242 1048 274 2
1072 234 1225 290 [6—8].
1711 238 1753 277 11

172 346 205 386 I
226 361 301 401 per
319 346 495 389 nuntios
515 345 758 389 consulenti
770 378 783 396 ‚
817 346 921 401 quid
940 346 1034 388 fieri
1062 346 1214 396 uellet,
1249 346 1483 389 eminentia
1502 347 1610 390 forte
1629 363 1760 403 papa-

179 439 182 442 *
224 431 376 459 uerum
394 416 536 472 capita
554 416 726 471 uirgula
746 416 984 466 excutiens,
1006 431 1105 459 cum
1123 431 1201 472 per
1219 417 1300 460 hoc
1320 417 1637 461 interficiendos
1667 434 1760 462 esse

221 487 434 542 principes
450 487 583 528 uellet
602 486 812 542 intellegi,
835 486 957 542 quasi
973 487 1172 541 superbia
1189 487 1336 530 sileret
1355 488 1575 542 respondit
1596 495 1755 531 tamen.

222 557 275 597 de
294 556 508 598 manubiis
529 564 750 612 captarum
777 557 949 598 urbium
970 558 1181 612 templum
1201 558 1349 599 erexit.
1383 559 1497 612 quod
1517 573 1615 599 cum
1635 559 1757 600 inau-

178 634 198 666 5
222 633 472 681 guraretur,
510 627 759 669 cedentibus
794 627 945 669 ceteris
980 627 1046 669 dis
1074 652 1132 658 —
1159 627 1268 669 mira
1302 642 1368 669 res
1403 627 1523 669 dictu
1558 653 1608 659 —-
1636 628 1757 670 resti-

221 703 308 738 tere
340 698 548 739 quentas
578 704 620 739 et
641 697 884 739 Terminus.
916 697 1079 753 placuit
1105 697 1277 739 uatibus
1313 698 1582 739 contumacia
1615 699 1755 740 numi-

218 780 346 816 num,
379 767 415 808 si
445 767 619 822 quidem
638 769 762 809 firma
782 767 927 809 omnia
947 775 989 809 et
1009 777 1182 810 aeterna
1200 768 1528 823 pollicebantur.
1563 770 1636 810 sed
1657 769 1756 811 illut

201 835 430 891 {orrentius
443 869 457 887 ‚
489 839 604 892 quod
631 837 910 879 molientibus
939 839 1088 880 aedem
1114 838 1161 879 in
1191 838 1484 880 fundamentis
1514 839 1756 880 humanum
1797 843 1799 845 ’

141 955 146 958 ι
218 914 435 963 repertum
455 914 520 948 est
539 915 692 962 caput,
714 923 794 949 nec
815 908 1067 950 dubitauere
1087 908 1232 950 cuncti
1251 915 1492 951 monstrum
1520 909 1755 965 pulcherri-

149 983 191 1015 10
218 989 339 1016 mum
359 975 528 1031 imperii
549 979 693 1019 sedem
712 985 926 1034 caputque
946 986 1155 1019 terrarum
1173 979 1436 1035 promittere.
1471 986 1561 1020 tam
1589 979 1665 1020 diu
1685 994 1754 1021 su-

215 1045 408 1100 perbiam
437 1046 549 1101 regis
578 1047 765 1101 populus
802 1049 1026 1090 Romanus
1063 1062 1290 1104 perpessus
1321 1056 1410 1098 est,
1443 1037 1578 1090 donec
1608 1051 1755 1091 aderat

215 1115 373 1165 libid03
405 1116 519 1158 hanc
538 1131 592 1158 ex
611 1116 757 1158 liberis
778 1117 870 1158 eius
890 1117 1248 1172 inportunitatem
1279 1119 1458 1160 tolerare
1487 1133 1575 1160 non
1594 1119 1750 1174 potuit.

218 1200 396 1240 quorum
426 1201 525 1228 cum
554 1187 663 1228 alter
691 1187 986 1229 ornatissimae
1006 1187 1190 1230 feminae
1220 1189 1445 1231 Lucretiae
1473 1196 1671 1245 stuprum
1690 1190 1754 1230 in—

214 1255 410 1307 tulisset,
451 1266 647 1299 matrona
685 1259 868 1300 dedecus
908 1258 1019 1300 ferro
1058 1258 1275 1314 expiauit,
1316 1259 1545 1315 imperium
1583 1260 1755 1316 regibus

146 1335 187 1368 15
215 1327 481 1383 abrogatum.

316 1503 379 1544 ΙΙ.
412 1503 994 1546 ANACEPHALAEOSIS
1016 1504 1098 1545 DE
1119 1503 1357 1546 SEPTEM
1378 1506 1660 1549 REGIBVS.

212 1642 335 1683 Haec
355 1650 421 1685 est
439 1643 577 1698 prima
596 1650 712 1685 aetas
731 1643 882 1699 populi
897 1643 1084 1686 Romani
1104 1650 1147 1684 et
1162 1644 1284 1698 quasi
1304 1644 1502 1695 infantia,
1525 1659 1653 1700 quam
1674 1645 1748 1687 ha·
1773 1647 1799 1688 8

210 1711 307 1753 buit
334 1714 414 1755 sub
441 1713 613 1768 regibus
643 1721 823 1769 septem,
855 1715 1041 1768 quadam
1059 1713 1245 1755 fatorum
1264 1714 1477 1757 industria
1505 1722 1595 1756 tam
1617 1715 1749 1757 uariis

210 1781 385 1837 ingenio
422 1791 473 1825 ut
500 1784 562 1826 rei
589 1784 788 1840 publicae
814 1784 922 1826 ratio
953 1791 996 1826 et
1016 1783 1182 1825 utilitas
1202 1785 1462 1839 postulabat.
1515 1801 1617 1827 nam
1646 1785 1751 1840 quid

140 1860 185 1893 20
213 1853 400 1896 Romulo
430 1854 675 1896 ardentius?
706 1855 784 1897 tali
812 1870 919 1910 opus
948 1854 1054 1904 fuit,
1086 1861 1137 1896 ut
1165 1854 1390 1897 inuaderet
1417 1871 1612 1911 regnum.
1646 1856 1750 1911 quid

212 1923 361 1966 Numa
385 1923 651 1979 religiosius?
681 1924 744 1967 ita
779 1939 846 1967 res
874 1924 1092 1980 poposcit,
1133 1931 1184 1966 ut
1209 1925 1329 1967 ferox
1355 1927 1540 1982 populus
1573 1928 1750 1968 deorum

210 2003 331 2036 metu
349 1994 633 2050 mitigaretur.
666 1995 795 2051 quid?
824 1995 899 2037 ille
918 1995 1099 2037 militiae
1120 1995 1274 2037 artifex
1295 1997 1450 2039 Tullus
1468 1997 1748 2039 bellatoribus

210 2064 315 2107 uiris
335 2080 466 2120 quam
485 2065 765 2116 necessarius,
788 2072 838 2108 ut
859 2075 1029 2107 acueret
1048 2065 1213 2108 ratione
1233 2065 1457 2108 virtutem!
1483 2066 1611 2121 quid?
1633 2067 1747 2109 aedi·

210 2135 358 2177 ficator
385 2136 558 2186 Ancus,
599 2143 650 2177 ut
680 2137 830 2178 urbem
859 2136 1028 2178 colonia
1056 2137 1328 2186 extenderet,
1369 2144 1502 2191 ponte
1530 2137 1743 2191 iungeret,

140 2213 183 2245 25
211 2219 334 2248 muro
355 2213 559 2248 tueretur.
592 2207 679 2248 iam
699 2222 802 2248 uero
822 2213 1075 2248 ornamenta
1095 2206 1319 2260 Tarquinii
1340 2214 1382 2247 et
1402 2206 1591 2261 insignia
1611 2221 1745 2261 quan·

210 2283 299 2316 tam
318 2276 502 2331 principi
522 2277 680 2332 populo
701 2276 958 2317 addiderunt
973 2291 1027 2316 ex
1042 2275 1135 2330 ipso
1151 2275 1306 2316 habitu
1321 2275 1576 2330 dignitatem
1590 2277 1603 2318 l
1625 2284 1746 2318 actus

212 2360 237 2387 a
257 2345 407 2388 Seruio
428 2361 580 2388 census
601 2346 706 2400 quid
732 2345 896 2395 effecit,
918 2346 1004 2388 nisi
1027 2354 1077 2387 ut
1104 2345 1199 2400 ipsa
1225 2360 1270 2387 se
1296 2353 1442 2387 nosset
1461 2347 1660 2388 Romana
1679 2361 1745 2388 res

210 2550 230 2581 2
248 2547 381 2582 circula
395 2556 420 2582 B
438 2548 449 2593 {l
468 2550 487 2582 3
505 2547 667 2593 intellegi
684 2547 795 2582 uellet
809 2555 842 2581 N
865 2547 877 2593 ss
895 2547 998 2593 quasi
1021 2547 1175 2582 Ticius:
1193 2560 1263 2594 qua
1278 2548 1340 2583 Blh
1353 2574 1362 2590 ‚
1383 2549 1467 2595 quia
1482 2548 1522 2583 11'
1533 2575 1541 2590 ,
1563 2561 1654 2595 quae
1669 2557 1703 2583 N
1717 2550 1728 2594 Η

209 2604 330 2639 sileret
346 2605 554 2650 Haupbae’us:
592 2604 642 2638 sic
667 2612 743 2639 BJN
764 2604 776 2649 ss
810 2606 830 2638 5
848 2604 1082 2638 caedentibus
1098 2612 1123 2638 Β
1155 2605 1166 2650 ΙΙ
1191 2605 1236 2639 de
1262 2605 1318 2640 his
1334 2614 1368 2640 N
1394 2606 1406 2652 ΙΙ
1431 2618 1488 2640 res
1505 2605 1638 2640 dicitur
1654 2605 1744 2640 exti-

208 2660 294 2695 tisse
317 2661 479 2696 restitere
495 2669 540 2695 ΒΙ
561 2660 572 2706 [Ι
598 2663 619 2695 6
637 2660 895 2695 contumatiam
910 2669 936 2695 Β
959 2660 971 2706 ss
989 2663 1009 2695 8
1033 2661 1251 2696 horrendum
1274 2670 1307 2696 N
1338 2662 1349 2708 ΙΙ
1385 2661 1618 2697 molientibus
1642 2661 1743 2695 edem

207 2724 243 2758 1,
278 2717 511 2752 molientibus
529 2718 650 2752 sedem
666 2725 716 2758 N,
751 2717 984 2752 mouentibus
1007 2718 1128 2753 sedem
1143 2727 1169 2753 Β
1194 2718 1205 2763 ΙΙ
1236 2721 1272 2752 11
1305 2719 1430 2754 aberat
1460 2726 1510 2753 IN
1533 2719 1544 2763 ss
1575 2719 1612 2750 ll
1633 2717 1743 2762 impe-

209 2773 301 2807 rium
331 2780 408 2808 tum
434 2774 581 2820 regibus
611 2782 645 2808 N
676 2774 687 2819 11
725 2775 765 2807 16
793 2783 1135 2810 ΑΝΑΚΕΡΗΑιΕοεῙε
1159 2784 1204 2817 B,
1234 2782 1571 2811 ANACEPHALEOSIS
1597 2781 1629 2807 ,v
1652 2773 1662 2816 ῃ
1690 2772 1742 2805 ὑι-

208 2829 431 2874 εσνὴιὺὼηαη
447 2839 531 2866 oml
547 2832 558 2877 ΙΙ
582 2834 621 2866 18
638 2836 775 2876 septem
791 2841 855 2876 per
870 2842 983 2865 annos
999 2836 1041 2866 ut
1056 2831 1215 2869 diximus
1230 2840 1380 2866 ccxmn
1396 2840 1417 2865 Ι
1432 2831 1443 2874 Η
1469 2833 1508 2863 21
1530 2828 1742 2874 popoposcit

208 2894 234 2919 Β
259 2887 272 2931 ss
297 2888 339 2921 22
357 2887 483 2923 tullius
498 2889 567 2923 Nl?
593 2888 604 2933 ΙΙ
630 2891 670 2922 23
690 2893 894 2922 accueretB
917 2887 929 2931 fl
954 2890 995 2922 24
1016 2888 1193 2923 coloniam
1218 2896 1241 2921 Β
1266 2888 1277 2932 Η
1304 2890 1344 2921 27
1373 2886 1482 2920 efficit
1505 2893 1536 2919 N
1560 2884 1572 2929 ss
1596 2895 1743 2919 romana

205 2955 258 2976 om
277 2951 309 2977 N
323 2943 334 2988 l]
