2002 3320
253 257 278 296 6
902 270 993 298 ΠΜ
1016 270 1144 298 FLom

250 367 334 408 fuit
355 374 522 421 tempus
543 368 647 408 uiris
668 368 794 409 armis
814 368 1160 410 incitatissimum
1173 401 1185 419 ,
1209 369 1387 423 ideoque
1411 368 1511 422 'quis
1533 369 1780 409 adulescen-

251 437 356 478 tiam
376 437 543 478 dixerit.
579 436 778 491 deinceps
805 439 858 478 ad
879 439 1102 479 Caesarem
1128 440 1377 493 Augustum
1396 452 1442 480 cc
1470 438 1596 488 anni,
1621 437 1778 492 quibus

252 514 391 548 totum
412 507 555 548 orbem
574 505 759 560 pacauit.
786 506 856 547 hic
876 507 961 548 iam
982 508 1075 562 ipsa
1094 508 1298 550 iuuentus
1319 509 1485 563 imperii
1507 515 1549 549 et
1569 508 1692 562 quasi
1711 522 1777 549 ro-

248 578 377 618 busta
395 576 632 617 maturitas.
666 591 691 616 a
711 576 888 617 Caesare
907 577 1106 631 Augusto
1134 578 1181 618 in
1211 578 1429 619 saeculum
1458 584 1652 619 nostrum
1674 578 1781 618 haut

249 647 386 688 multo
405 646 548 687 minus
571 646 673 687 anni
694 646 883 695 ducenti,
918 646 1073 701 quibus
1099 646 1251 687 inertia
1280 647 1509 688 Caesarum
1537 648 1659 702 quasi
1680 635 1783 689 con·=
1811 656 1830 687 5

251 716 392 757 senuit
420 717 557 770 adque
587 716 779 765 decoxit,
810 716 894 757 nisi
915 717 1029 770 quod
1050 716 1128 757 sub
1149 716 1332 757 Traiano
1351 716 1541 771 principe
1559 717 1695 758 mouit
1719 718 1780 759 la-

250 793 384 827 certos
420 793 461 826 et
488 793 653 841 praeter
683 801 799 840 spem
830 786 1021 827 omnium
1043 792 1237 827 senectus
1268 786 1434 840 imperii
1465 787 1586 840 quasi
1615 787 1781 828 reddita

249 857 476 896 iuuentute
496 855 690 896 reuiruit.

351 922 548 966 ”Primus
569 926 642 966 ille
659 933 700 966 et
716 925 832 966 urbis
849 932 891 966 et
907 925 1072 981 imperii
1088 926 1279 968 conditor
1293 926 1506 967 Romulus
1522 926 1620 977 fuit,
1639 927 1778 968 Marte
1806 927 1840 967 I

251 996 422 1050 genitus
444 1002 486 1036 et
505 995 630 1036 Rhea
651 995 798 1036 Silvia.
833 995 912 1036 hoc
933 997 985 1037 de
1006 1011 1050 1037 se
1072 998 1263 1038 sacerdos
1290 996 1468 1051 grauida
1487 997 1679 1038 confessa
1699 1002 1778 1046 est,
1810 1004 1852 1036 10

251 1081 329 1106 nec
349 1061 453 1107 mox‘
469 1066 582 1107 fama
602 1065 818 1106 dubitauit
831 1097 842 1114 ,
870 1080 968 1106 cum
988 1066 1154 1107 Amulii
1173 1066 1284 1120 regis
1315 1065 1492 1120 imperio
1521 1066 1705 1108 iactatus
1733 1066 1780 1107 in

248 1136 530 1190 profluentem
551 1150 650 1176 cum
669 1136 806 1176 Remo
837 1135 963 1176 fratre
992 1150 1080 1176 non
1107 1135 1249 1190 potuit
1278 1135 1489 1190 extingui.
1535 1136 1572 1177 si
1606 1137 1780 1191 quidem

249 1213 291 1246 et
328 1205 554 1247 Tiberinus
603 1219 772 1246 amnem
818 1205 1039 1259 repressit,
1087 1212 1128 1246 et
1170 1205 1328 1246 relictis
1371 1205 1524 1246 catulis
1565 1204 1669 1259 lupa
1717 1219 1779 1245 se-

249 1286 348 1316 cuta
369 1275 564 1330 uagitum
585 1276 689 1315 uber
709 1275 899 1317 admouit
926 1275 1164 1316 infantibus
1185 1281 1447 1328 matremque
1478 1274 1580 1328 egit.
1626 1274 1686 1315 sic
1715 1289 1778 1315 re-

247 1353 388 1400 pertos
409 1352 514 1400 aput
535 1346 725 1386 arborem
746 1345 979 1386 Faustulus
999 1345 1105 1400 regii
1125 1345 1263 1399 gregis
1284 1351 1428 1398 pastor
1449 1344 1549 1385 tulit
1569 1344 1615 1385 in
1636 1359 1777 1385 casam
1806 1352 1847 1384 15

247 1417 385 1470 adque
406 1414 620 1456 educauit.
645 1414 757 1455 Alba
777 1421 870 1454 tum
890 1422 979 1455 erat
999 1415 1123 1456 Latio
1145 1421 1289 1468 caput,
1313 1413 1401 1454 Iuli
1422 1428 1528 1468 opus
1539 1430 1551 1463 3
1575 1428 1677 1454 nam
1696 1415 1777 1455 La-

247 1484 417 1525 uinium
435 1485 567 1539 patris
583 1485 753 1525 Aeneae
770 1490 1093 1538 contempserat.
1120 1485 1172 1524 ab
1188 1483 1255 1524 his
1271 1483 1472 1524 Amulius
1492 1483 1580 1524 iam
1599 1483 1780 1538 septima

248 1554 395 1596 subole
415 1555 636 1609 regnabat,
659 1554 787 1594 fratre
806 1554 932 1609 pulso
952 1553 1194 1603 Numitore,
1218 1553 1341 1594 cuius
1363 1567 1416 1594 ex
1436 1553 1526 1594 filia
1546 1553 1774 1595 Romulus.

247 1625 379 1679 igitur
399 1624 545 1666 statim
564 1624 700 1679 prima
727 1623 968 1665 iuuentutis
999 1624 1090 1664 face
1122 1630 1325 1678 patruum
1356 1624 1409 1664 ab
1441 1614 1534 1663 arce
1561 1624 1775 1674 deturbat,

247 1709 379 1735 auum
397 1694 578 1748 reponit.
611 1694 701 1749 ipse
722 1694 911 1734 fluminis
934 1700 1095 1734 amator
1115 1700 1157 1734 et
1177 1693 1413 1743 montium,
1437 1700 1542 1748 aput
1561 1708 1666 1747 quos
1687 1700 1777 1735 erat
1804 1701 1848 1734 20

247 1766 475 1814 educatus,
506 1764 675 1805 moenia
693 1779 831 1805 nouae
851 1763 968 1804 urbis
990 1763 1192 1818 agitabat.
1224 1763 1386 1818 gemini
1413 1770 1554 1813 erant3
1587 1771 1682 1805 uter
1702 1778 1775 1804 au-

248 1835 481 1889 spicaretur
518 1841 560 1875 et
596 1841 782 1889 regeret,
813 1833 1012 1874 adhibere
1041 1833 1204 1888 placuit
1233 1834 1347 1874 deos.
1389 1834 1553 1875 Remus
1586 1839 1777 1875 montem

246 1904 528 1954 Auentinum,
552 1904 622 1944 hic
643 1903 892 1945 Palatinum
913 1910 1103 1958 occupat.
1129 1903 1246 1958 prius
1267 1903 1340 1944 ille
1361 1918 1436 1945 sex
1455 1904 1683 1954 uulturios,
1706 1903 1777 1945 hic
1803 1894 1805 1897 ¹

246 1981 416 2029 postea,
449 1975 523 2015 sed
552 1973 777 2015 duodecim
805 1973 939 2014 uidet.
974 1973 1033 2014 sic
1063 1973 1200 2015 uictor
1229 1974 1407 2028 augurio
1432 1975 1581 2025 urbem
1600 1973 1773 2023 excitat,

246 2044 399 2099 plenus
429 2043 520 2098 spei
545 2041 808 2085 bellatricem
835 2043 923 2084 fore
934 2059 946 2092 ;
991 2043 1036 2086 id
1071 2044 1272 2096 adsuetae
1309 2043 1517 2098 sanguine
1548 2050 1591 2084 et
1619 2044 1776 2098 praeda
1801 2051 1845 2083 25

247 2129 347 2155 aues
367 2114 690 2169 pollicebantur.
716 2114 770 2154 ad
786 2114 965 2154 tutelam
980 2099 1117 2154 nouae
1133 2113 1250 2154 urbis
1267 2113 1456 2154 sufficere
1471 2113 1636 2154 uallum
1655 2113 1774 2154 uide-

246 2186 394 2235 batur,
428 2184 551 2225 cuius
580 2185 683 2224 dum
712 2182 931 2237 angustias
952 2184 1115 2224 Remus
1135 2183 1327 2237 increpat
1348 2183 1460 2223 saltu
1474 2214 1485 2232 ,
1518 2182 1697 2223 dubium
1718 2197 1774 2223 an

247 2255 368 2296 iussu
388 2255 545 2304 fratris,
569 2253 731 2295 occisus
753 2260 839 2294 est:
865 2252 1009 2307 prima
1029 2260 1140 2294 certe
1169 2252 1345 2293 uictima
1363 2252 1447 2293 fuit
1472 2252 1774 2294 munitionem-

246 2340 327 2378 que
349 2325 464 2366 urbis
486 2339 623 2366 nouae
644 2323 852 2378 sanguine
874 2338 951 2364 suo
982 2322 1258 2384 consecrauit.
1283 2322 1513 2376 imaginem
1541 2321 1658 2363 urbis
1685 2336 1773 2363 ma—

252 2512 262 2542 1
293 2510 373 2543 ideo
398 2509 476 2554 quis
509 2518 541 2543 N
573 2510 583 2555 Η
611 2512 629 2542 2
663 2518 706 2543 cc
728 2522 770 2550 g:
810 2514 952 2543 centum
985 2513 1020 2542 et
1053 2507 1314 2553 quinquaginta
1339 2515 1397 2541 BN
1426 2507 1436 2552 ΙΙ
1471 2509 1490 2540 3
1509 2507 1674 2541 iuuentas
1701 2515 1732 2540 N
1755 2508 1765 2551 Ιξ

248 2571 284 2600 et
307 2565 481 2611 quaedam
508 2566 609 2610 quasi
633 2575 665 2599 N
689 2566 699 2610 Η
734 2569 753 2598 ὅ
779 2565 964 2599 reuirescit
985 2573 1018 2599 N
1041 2564 1052 2610 ΙΙ
1088 2567 1126 2598 10
1153 2565 1238 2598 hrea
1269 2572 1302 2598 N
1323 2563 1334 2609 ΙΙ
1365 2566 1405 2598 10
1434 2563 1614 2597 confessus
1632 2563 1651 2596 b
1681 2563 1691 2607 Η
1731 2565 1762 2596 ll

248 2622 436 2663 amulliB‚
466 2621 476 2667 ΙΙ
501 2623 596 2667 regis
623 2635 678 2656 om
702 2630 735 2656 N
760 2622 770 2666 Η
798 2622 956 2656 abiectus
989 2629 1038 2656 1N
1071 2621 1082 2666 ΙΙ
1120 2623 1159 2654 14
1193 2621 1303 2656 ubera
1327 2620 1399 2655 ΙΡΝ
1430 2619 1441 2665 ΙΙ
1481 2623 1700 2663 matremque
1733 2630 1770 2652 se

249 2679 360 2724 gessit
377 2679 434 2724 JN,
469 2678 662 2723 matrisque
689 2678 800 2723 gessit
825 2678 980 2712 officium
1004 2687 1025 2712 Ι
1048 2679 1058 2723 ΙΙ
1091 2678 1182 2724 regii
1198 2690 1254 2712 om
1280 2686 1312 2711 N
1335 2677 1345 2722 ΙΙ
1376 2679 1415 2710 16
1445 2674 1602 2709 ablatum
1619 2682 1654 2715 I,
1689 2673 1770 2708 alba

248 2743 334 2770 tunc
349 2744 382 2770 N
396 2735 408 2780 ΙΙ
429 2737 469 2770 16
486 2734 659 2769 labinium
675 2742 700 2768 B
719 2734 728 2779 ΙΙ
754 2737 788 2767 17
809 2735 965 2769 amillius
985 2736 1023 2777 b,
1053 2734 1220 2769 amullius
1236 2742 1261 2768 B
1289 2734 1300 2779 ΙΙ
1330 2735 1369 2766 18
1387 2731 1564 2766 numitore
1581 2742 1635 2764 om
1652 2738 1678 2764 B
1695 2730 1707 2776 Η
1729 2732 1768 2763 19

248 2792 417 2827 iuuentae
433 2800 465 2827 N
480 2791 492 2838 u
509 2790 597 2825 facie
614 2798 663 2824 IN
688 2790 698 2834 ll
722 2790 875 2836 patrium
893 2791 1063 2825 amulium
1081 2790 1240 2825 romulus
1264 2790 1308 2825 ab
1337 2797 1370 2823 N
1393 2788 1404 2833 Η
1433 2790 1474 2821 22
1501 2785 1670 2821 adhibere
1693 2786 1767 2831 pia-

249 2849 328 2883 cula
343 2860 461 2883 remus
477 2857 508 2884 N
533 2848 544 2893 11
572 2850 612 2882 23
632 2847 727 2893 prior
743 2855 774 2881 N
791 2847 801 2892 l}
828 2846 989 2882 uultures
1005 2855 1056 2880 IN
1079 2846 1089 2891 Η
1117 2849 1157 2880 21
1178 2832 1306 2881 uidifz
1330 2847 1341 2892 ιΙ
1367 2844 1417 2879 ita
1444 2843 1496 2878 illi
1513 2842 1680 2877 adsuetae
1696 2850 1729 2876 N
1753 2842 1764 2887 ΙΙ

236 2908 291 2940 ,26
310 2904 474 2939 tutellam
490 2913 515 2939 Β
533 2905 544 2950 ΙΙ
564 2907 602 2939 27
623 2904 708 2939 dum
724 2903 855 2938 inridet
871 2902 1054 2947 angustias
1072 2914 1188 2936 remus
1207 2902 1315 2947 idque
1333 2902 1491 2946 increpat
1517 2907 1548 2933 N
1563 2898 1574 2943 Ι]
1593 2898 1685 2933 saltu
1705 2898 1769 2934 du-

249 2961 346 2994 bium
372 2969 423 2994 N:
448 2961 539 2995 saltu
557 2960 735 2995 transiluit
753 2959 900 2993 dubium
919 2967 961 2991 111
978 2958 988 3003 ΙΙ
