2002 3320
271 247 324 286 38
906 259 998 287 1v1.1
1020 259 1148 287 FLom

270 357 439 399 autem?
469 358 515 397 in
537 356 743 410 eligendis
770 357 1089 411 magistratibus
1118 371 1226 411 quae
1255 357 1543 398 centuriarum
1572 356 1796 411 sapientia,

270 442 369 468 cum
387 426 572 467 iuniores
594 440 619 467 a
639 426 874 467 senioribus
895 427 1122 467 consilium
1141 427 1193 467 de
1214 426 1405 468 creandis
1426 427 1671 468 consulibus
1692 426 1799 481 peti-

270 503 408 537 erunt.
452 495 610 549 quippe
631 496 834 536 aduersus
855 495 1023 536 hostem
1042 495 1198 536 totiens
1219 495 1448 546 uictorem,
1481 504 1568 537 tam
1597 496 1801 537 callidum

269 580 357 606 non
377 565 537 606 uirtute
559 571 743 614 tantum,
767 565 842 605 sed
861 564 950 605 suis
971 564 1099 605 etiam
1119 579 1312 618 pugnare
1331 566 1519 608 consiliis
1541 567 1775 621 oportebat.

384 634 529 675 Prima
559 633 776 674 redeuntis
798 641 865 683 et,
902 642 952 675 ut
979 634 1040 674 ita
1068 633 1272 683 dixerim,
1309 635 1605 677 reuiuiscentis
1633 635 1800 690 imperii

270 719 365 759 spes
387 704 546 745 Fabius
566 703 649 744 fuit
663 735 676 753 ,
713 704 787 758 qui
807 718 967 745 nouam
986 705 1039 744 de
1058 703 1272 744 Annibale
1292 704 1516 746 uictoriam
1535 712 1798 746 commentus

269 781 350 823 est,
372 788 461 819 non
480 788 686 828 pugnare.
719 774 821 815 hinc
849 774 915 814 illi
935 787 1171 827 cognomen
1190 787 1355 814 nouum
1374 781 1417 814 et
1436 774 1498 814 rei
1516 774 1712 829 publicae
1734 789 1798 816 sa-

269 844 406 884 lutare
422 850 643 884 cunctator
654 860 666 892 3
700 844 801 884 hinc
822 843 932 884 illud
953 858 1006 884 ex
1025 843 1206 897 populo,
1229 850 1280 884 ut
1298 843 1465 897 imperii
1485 850 1656 885 scutum
1675 859 1799 885 uoca-

266 920 397 954 retur.
431 913 575 967 itaque
604 928 679 967 per
707 913 931 954 Samnium
962 920 1125 962 tot-um,
1158 927 1233 967 per
1259 913 1460 954 Falernos
1492 914 1799 968 Gauranosque

269 984 404 1024 saltus
426 983 485 1024 sic
504 983 738 1023 macerauit
757 983 1017 1023 Annibalem
1047 991 1096 1023 ut
1117 983 1217 1037 quia
1236 983 1377 1037 frangi
1396 983 1556 1024 uirtute
1576 998 1664 1024 non
1683 990 1800 1037 pote-

267 1060 334 1093 rat
368 1067 485 1093 mora
520 1052 890 1093 comminueretur.
938 1053 1038 1093 inde
1074 1053 1255 1094 Claudio
1291 1053 1495 1093 Marcello
1530 1054 1637 1094 duce
1672 1053 1799 1094 etiam

268 1122 468 1177 congredi
489 1137 617 1164 ausus
638 1123 873 1176 comminus
894 1123 1015 1164 uenit
1035 1130 1077 1163 et
1097 1123 1284 1176 perpulit
1303 1123 1350 1163 in
1378 1123 1659 1177 Campaniam
1679 1136 1801 1163 suam

268 1200 310 1233 et
331 1194 383 1233 ab
405 1193 623 1233 obsidione
643 1193 780 1233 Nolae
801 1193 917 1233 urbis
940 1193 1136 1233 exclusit.
1170 1207 1300 1233 ausus
1322 1200 1364 1233 et
1393 1192 1642 1247 Sempronio
1664 1192 1795 1233 Grac—

268 1262 348 1303 cho
370 1263 477 1302 duce
497 1276 571 1316 per
587 1254 823 1303 Lucaniam
839 1262 959 1315 sequi
979 1271 1022 1303 et
1037 1277 1226 1316 premere
1236 1269 1355 1316 terga
1374 1262 1580 1311 cedentis,
1603 1261 1799 1315 quamuis

269 1339 362 1373 tum
381 1331 565 1385 populus
586 1333 807 1373 Romanus
830 1324 1204 1385 seruili'pugnaret
1226 1331 1415 1371 exercitu
1426 1347 1438 1380 3
1462 1345 1563 1371 nam
1577 1331 1799 1383 hueusque

269 1407 332 1442 tot
352 1402 466 1442 mala
485 1402 778 1455 conpulerant.
813 1402 887 1441 sed
905 1401 1101 1441 libertate
1131 1400 1278 1441 donati
1307 1401 1500 1441 fecerunt
1527 1401 1579 1441 de
1600 1400 1733 1442 seruis
1755 1414 1799 1440 se

268 1471 429 1511 uirtute
450 1472 682 1512 Romanos.
716 1486 741 1512 0
768 1470 1014 1511 horribilem
1045 1470 1091 1510 in
1111 1477 1175 1511 tot
1203 1470 1391 1511 aduersis
1412 1469 1636 1511 fiduciam!
1669 1484 1694 1510 o
1715 1469 1799 1511 sin—

268 1540 461 1594 gularem
480 1540 673 1581 animum
693 1555 741 1581 ac
763 1540 961 1594 spiritum
980 1540 1129 1594 populi
1159 1540 1367 1581 Romani!
1406 1547 1494 1596 tam
1524 1539 1625 1580 artis
1656 1539 1798 1580 adflic-

268 1610 407 1664 tisque
428 1610 553 1651 rebus
574 1617 624 1651 ut
643 1612 696 1651 de
725 1610 853 1651 Italia
873 1624 951 1650 sua
970 1610 1164 1650 dubitare
1191 1609 1407 1651 debuisset
1428 1624 1556 1651 ausus
1578 1615 1722 1650 tamen
1737 1615 1801 1649 est

269 1680 315 1719 in
336 1680 505 1721 diuersa
523 1680 754 1734 respicere,
792 1693 974 1734 cumque
1004 1679 1137 1721 hostis
1165 1679 1212 1719 in
1238 1679 1388 1733 iugulo
1414 1693 1490 1733 per
1518 1678 1798 1733 Campaniam

267 1750 554 1805 Apuliamque
574 1750 773 1791 uolitaret
799 1749 1067 1803 mediamque
1083 1750 1135 1790 de
1160 1749 1290 1790 Italia
1312 1749 1502 1790 Africam
1525 1749 1705 1797 faceret,
1732 1762 1798 1788 eo-

269 1821 366 1860 dem
387 1826 574 1875 tempore
591 1826 633 1860 et
653 1820 769 1860 hunc
790 1819 1027 1860 sustinebat
1048 1828 1090 1860 et
1109 1819 1155 1859 in
1177 1818 1369 1859 Siciliam
1385 1818 1626 1860 Sardiniam
1640 1817 1798 1872 Hispa-

267 1889 386 1930 niam
405 1889 544 1931 diuisa
563 1903 638 1944 per
658 1896 866 1930 terrarum
886 1889 1029 1929 orbem
1048 1903 1164 1929 arma
1182 1888 1394 1929 mittebat.

385 1959 532 1999 Sicilia
550 1960 752 1999 mandata
773 1959 993 1999 Marcello.
1025 1972 1104 1998 nec
1125 1957 1199 1998 diu
1219 1957 1388 1998 restitit.
1414 1964 1505 1998 tota
1525 1956 1638 1997 enim
1657 1956 1800 1997 insula

268 2029 315 2069 in
335 2043 424 2069 una
443 2029 547 2069 urbe
569 2034 767 2082 superata
787 2034 864 2068 est.
897 2028 1057 2080 grande
1086 2027 1195 2067 illud
1216 2034 1258 2067 et
1287 2034 1386 2067 ante
1406 2027 1451 2067 id
1471 2033 1639 2080 tempus
1659 2025 1794 2066 inuio-

268 2105 363 2139 tum
383 2106 527 2152 caput,
552 2098 807 2151 Syracusae,
830 2096 1025 2150 quamuis
1045 2095 1312 2137 Archimedis
1333 2095 1507 2149 ingenio
1526 2095 1798 2135 defenderen-

269 2175 361 2216 tur,
386 2167 615 2221 aliquando
645 2172 875 2207 cesserunt.
916 2166 1043 2220 longe
1082 2165 1147 2206 illi
1177 2165 1332 2219 triplex
1360 2179 1510 2206 murus
1537 2164 1798 2218 totidemque

270 2252 402 2287 arces,
425 2243 571 2291 portus
592 2236 664 2278 ille
684 2249 943 2277 marmoreus
965 2242 1007 2275 et
1026 2235 1121 2275 fons
1150 2235 1386 2276 celebratus
1415 2233 1655 2275 Arethusae
1667 2249 1679 2282 3
1698 2232 1797 2274 -nisi

271 2309 386 2362 quod
402 2307 610 2348 hactenus
626 2305 821 2359 profuere
841 2311 890 2346 ut
913 2304 1227 2359 pulchritudini
1242 2304 1382 2345 uictae
1406 2303 1522 2344 urbis
1538 2309 1793 2358 parceretur.

268 2438 286 2469 2
306 2436 513 2480 petiuerunt
527 2443 560 2468 N
575 2434 586 2479 ΙΙ
603 2436 622 2467 5
642 2439 682 2468 ut
699 2433 749 2467 sic
767 2433 917 2467 dixerim
932 2441 966 2467 N
980 2433 991 2478 ΙΙ
1008 2432 1265 2467 reuiuescentis
1280 2440 1306 2467 Β
1323 2432 1334 2478 ss
1352 2434 1372 2466 6
1390 2431 1508 2466 fauius
1524 2439 1557 2465 N
1571 2431 1582 2476 ΙΙ
1601 2433 1620 2465 8
1637 2430 1720 2465 illut
1734 2438 1767 2465 N
1781 2430 1792 2475 ΙΙ

268 2493 288 2525 9
306 2495 422 2525 totum
438 2502 502 2537 per
516 2490 670 2524 falernos
687 2502 741 2523 om
757 2498 782 2523 Β
800 2489 811 2535 ΙΙ
833 2491 872 2523 10
891 2489 953 2534 qui
968 2497 1002 2523 Ν
1015 2489 1027 2535 ΙΙ
1048 2490 1087 2523 12
1106 2500 1214 2523 ausus
1231 2492 1286 2522 est
1300 2495 1376 2522 ΒΙΝ
1399 2487 1410 2533 ss
1435 2487 1575 2533 pepulit
1588 2487 1686 2533 ΙΡΝΠ
1704 2497 1795 2520 cam-

268 2546 375 2592 pania
391 2558 456 2580 sua
469 2554 527 2580 ΒΝ
542 2546 552 2590 Η
574 2548 612 2580 13
632 2546 790 2580 excussit
805 2553 836 2580 Ν
852 2546 862 2591 ΙΙ
885 2547 922 2578 15
940 2549 1027 2580 tunc
1043 2553 1077 2580 Ν
1090 2545 1101 2590 ss
1126 2545 1281 2590 populus
1304 2545 1490 2578 Romanus
1512 2543 1640 2588 scripsi
1645 2557 1657 2576 .-
1682 2542 1798 2588 pudor

269 2611 305 2644 B,
326 2603 466 2648 opudor
482 2610 532 2636 IN
547 2602 557 2647 ἢ
574 2613 701 2636 manus
719 2602 841 2636 seruili
857 2606 1035 2647 pugnaret
1050 2609 1174 2636 namN
1188 2601 1199 2646 Η
1217 2600 1444 2635 exercitumB
1462 2599 1472 2645 ΙΙ
1490 2599 1664 2644 lucusque
1680 2607 1706 2633 B
1723 2599 1734 2643 ΙΙ
1756 2600 1795 2632 16

269 2658 508 2704 conpulerunt
524 2667 544 2692 Ι
558 2658 569 2703 ΙΙ
588 2658 750 2691 fecerunt
772 2658 816 2692 de
833 2657 945 2692 seruis
970 2669 1007 2691 se
1024 2658 1160 2692 uirtute
1176 2658 1359 2692 Romanos
1375 2655 1559 2700 Haupoius
1582 2654 1796 2689 Sulmo-sium

269 2718 404 2749 secutus
416 2727 427 2747 :
448 2713 609 2749 fecerunt
625 2714 669 2747 de
687 2713 860 2747 seruitute
885 2725 1051 2748 romanos
1076 2721 1112 2755 B,
1131 2713 1290 2747 fecerant
1306 2713 1350 2747 de
1367 2712 1542 2747 seruitute
1564 2721 1728 2744 romanos
1752 2718 1792 2751 N,

270 2771 313 2805 de
331 2770 504 2805 seruitute
519 2781 685 2804 romanos
701 2769 862 2803 fecerunt
877 2777 898 2802 Ι
912 2769 923 2814 ΙΙ
945 2772 983 2803 17
1002 2769 1039 2803 in
1057 2769 1273 2815 singularem
1288 2777 1314 2803 Β
1331 2769 1342 2814 ΙΙ
1364 2770 1403 2802 19
1422 2778 1502 2803 cum
1519 2767 1563 2801 de
1578 2773 1611 2800 N
1625 2765 1636 2811 ΙΙ
1655 2777 1719 2800 sua
1735 2766 1795 2800 de-

270 2827 393 2861 cedere
411 2825 594 2860 debuisset
616 2833 659 2866 B,
690 2835 753 2858 sua
778 2824 960 2859 dubitaret
974 2833 1004 2859 N
1021 2826 1031 2870 Η
1051 2828 1093 2859 20
1109 2825 1232 2858 hostes
1257 2825 1294 2858 in
1318 2823 1443 2869 iugulo
1465 2831 1512 2863 N,
1539 2821 1796 2868 hosti-singulo

269 2892 293 2917 Β
311 2883 322 2928 ss
341 2885 379 2916 21
401 2882 594 2916 uolitarent
610 2889 642 2916 N
656 2882 667 2926 ss
685 2881 842 2915 facerent
857 2888 890 2915 N
909 2881 920 2925 Η
939 2883 980 2915 22
999 2881 1150 2926 hispiam
1169 2880 1207 2920 b,
1227 2878 1417 2924 hispiniam
1435 2885 1458 2911 Β
1476 2878 1487 2922 ΙΙ
1506 2879 1548 2911 25
1565 2877 1722 2912 inuictus
1738 2886 1763 2912 B
1779 2877 1791 2922 11

272 2942 313 2973 26
333 2939 477 2984 quasuis
494 2947 518 2973 Β
536 2939 546 2983 ξι
567 2940 607 2972 29
625 2942 771 2972 actenus
789 2937 842 2972 bN
855 2936 867 2982 ss

1827 358 1861 397 Ι

1831 991 1871 1022 10

1829 1338 1870 1370 15

1825 1686 1870 1718 20

1826 2032 1869 2065 25
