2002 3320
560 215 564 218 ⁴
588 246 784 278 inu-rom
806 249 839 285 1,
865 242 920 276 ιτ.
947 243 1003 276 18.
1032 234 1083 291 [1‚
1106 243 1164 276 26.
1191 249 1243 285 11,
1269 243 1302 276 1.
1327 235 1382 292 2].
1708 238 1761 278 29

330 347 470 402 Igitur
488 346 625 388 uictor
640 346 794 388 Italiae
813 348 997 402 populus
1018 348 1240 389 Romanus
1257 363 1356 390 cum
1371 350 1425 390 ad
1445 349 1603 391 fretum
1623 363 1758 404 usque
1775 363 1826 399 11,
1847 350 1873 389 2

232 416 444 466 uenisset,
476 430 591 457 more
611 416 724 470 ignis
737 448 750 466 ‚
783 417 857 471 qui
878 424 1054 459 cunctas
1074 419 1304 472 populatus
1324 417 1523 460 incendio
1543 419 1675 460 siluas
1695 419 1760 460 in·

232 485 494 528 terueniente
514 486 694 527 flumine
723 487 1015 541 abrumpitur,
1047 487 1263 541 paulisper
1293 488 1499 530 substitit.
1533 503 1634 530 mox
1663 504 1762 530 cum

230 556 393 597 uideret
412 556 782 609 opulentissimam
811 556 858 597 in
885 557 1080 611 proximo
1099 558 1302 611 praedam
1321 559 1506 612 quodam
1524 560 1651 600 modo
1673 560 1759 600 Ita-

182 635 202 666 5
228 625 310 667 liae
331 639 432 667 suae
453 625 662 667 abscisam
681 633 725 667 et
745 626 867 680 quasi
885 627 1098 667 reuolsam
1111 658 1126 676 ,
1149 627 1254 668 adeo
1273 627 1508 682 cupiditate
1529 627 1620 668 eius
1641 642 1760 669 exar-

227 695 284 736 sit
303 702 352 736 ut
365 727 377 744 ,
410 702 620 749 quatenus
642 710 720 737 nec
739 697 852 738 mole
871 695 995 751 iungi
1014 710 1094 737 nec
1112 696 1315 751 pontibus
1335 704 1501 751 posset,
1524 697 1652 739 armis
1671 699 1762 739 bel-

227 766 353 819 loque
373 765 592 819 iungenda
611 773 654 806 et
675 767 730 807 ad
749 765 1043 807 continentem
1062 781 1186 807 suam
1200 767 1444 808 reuocanda
1462 767 1575 808 bello
1596 768 1760 809 uidere-

227 843 311 876 tur.
353 836 428 876 sed
464 850 585 884 ecce,
618 836 733 877 ultro
761 835 865 890 ipsis
895 836 1014 877 uiam
1040 836 1333 890 pandentibus
1353 836 1453 878 fatis
1487 851 1567 878 nec
1597 838 1761 880 occasio

227 905 387 954 defuit,
418 919 518 945 cum
546 906 599 946 de
621 906 863 947 Poenorum
890 905 1133 960 inpotentia
1161 907 1376 948 foederata
1406 906 1578 948 Siciliae
1606 907 1760 950 ciuitas

158 982 199 1014 10
228 975 428 1015 Messana
449 982 708 1028 quereretur.
742 975 982 1016 adfectabat
1012 982 1158 1017 autem
1176 983 1226 1017 ut
1246 978 1468 1017 Romanus
1498 976 1560 1018 ita
1587 978 1759 1019 Poenus

227 1043 434 1093 Siciliam,
471 1051 515 1085 et
543 1045 692 1085 eodem
727 1051 918 1098 tempore
953 1045 1128 1098 paribus
1163 1052 1344 1099 uterque
1373 1045 1486 1086 uotis
1517 1060 1565 1087 ac
1593 1047 1759 1089 uiribus

224 1113 452 1167 imperium
479 1113 591 1154 orbis
621 1113 825 1167 agitabat.
859 1113 993 1168 igitur
1023 1114 1163 1168 specie
1193 1115 1367 1169 quidem
1395 1115 1529 1156 socios
1559 1116 1755 1167 iuuandi,

222 1198 268 1224 re
287 1190 431 1224 autem
447 1183 704 1224 sollicitante
718 1183 890 1237 praeda,
909 1198 1168 1238 quamquam
1182 1184 1395 1225 territaret
1410 1185 1579 1227 nouitas
1596 1187 1657 1227 rei
1660 1215 1679 1236 5,
1697 1195 1759 1236 ta-

223 1268 324 1294 men
352 1277 407 1284 -—
437 1253 625 1294 tanta'in
646 1252 809 1293 uirtute
827 1253 987 1294 fiducia
1006 1260 1070 1294 est
1093 1278 1144 1285 —
1166 1253 1240 1295 ille
1269 1254 1412 1304 rudis,
1445 1254 1519 1296 ille
1548 1257 1759 1310 pastorius

157 1331 199 1363 15
227 1324 411 1378 populus
431 1337 616 1377 uereque
637 1329 834 1364 terrester
853 1323 1042 1364 ostendit
1060 1323 1172 1365 nihil
1191 1324 1398 1366 interesse
1417 1324 1591 1368 uirtutis
1603 1358 1616 1376 ,
1638 1327 1758 1381 equis

225 1407 280 1434 an
300 1393 501 1442 nauibus,
525 1400 636 1434 terra
655 1408 711 1434 an
729 1392 838 1433 mari
858 1392 1093 1434 dimicaret.
1207 1440 1210 1442 v

173 1463 206 1503 I
339 1460 506 1518 ”Appio
527 1463 710 1504 Claudio
730 1463 905 1503 consule
924 1462 1112 1516 primum
1130 1463 1290 1505 fretum
1307 1464 1524 1519 ingressus
1553 1471 1618 1506 est
1637 1463 1760 1505 fabu4

224 1533 325 1573 losis
360 1533 519 1573 infame
553 1532 755 1573 monstris
791 1539 996 1586 aestuque
1032 1532 1272 1574 uiolentum
1285 1565 1298 1583 ,
1339 1535 1413 1575 sed
1442 1535 1547 1574 adeo
1574 1548 1662 1574 non
1694 1540 1758 1574 est

225 1602 452 1643 exterritus
464 1634 478 1652 ,
501 1609 550 1643 ut
570 1602 690 1643 illam
711 1602 848 1656 ipsam
867 1602 1031 1643 ruentis
1053 1610 1194 1644 aestus
1215 1603 1467 1644 uiolentiam
1486 1618 1562 1658 pro
1581 1617 1758 1644 munere

153 1679 197 1712 20
223 1672 564 1726 amplecteretur,
588 1673 702 1725 quod
721 1671 926 1713 uelocitas
942 1671 1123 1712 nauium
1141 1672 1250 1713 mari
1270 1673 1505 1722 iuuaretur,
1529 1673 1758 1726 statimque

224 1757 272 1783 ac
293 1742 384 1783 sine
404 1757 523 1783 mora
538 1742 775 1783 Hieronem
796 1741 1115 1795 Syracusanum
1136 1748 1259 1783 tanta
1279 1742 1494 1783 celeritate
1514 1742 1690 1792 deuicit,
1708 1750 1758 1783 ut

224 1811 298 1852 ille
318 1811 408 1865 ipse
428 1812 546 1866 prius
567 1827 612 1853 se
631 1811 797 1853 uictum
817 1826 946 1864 quam
966 1811 1135 1852 hostem
1156 1811 1321 1853 uideret
1341 1812 1560 1853 fateretur.

309 1881 475 1922 Duillio
486 1881 767 1935 Cornelioque
779 1880 1027 1922 consulibus
1038 1880 1168 1922 etiam
1178 1882 1294 1929 ‚mari
1304 1882 1507 1936 congredi
1526 1896 1655 1923 ausus
1675 1890 1754 1923 est.

223 1958 317 1991 tum
338 1951 511 2005 quidem
530 1951 623 2005 ipsa
642 1950 846 1992 uelocitas
863 1950 1009 1992 classis
1026 1959 1279 2005 conparatae
1294 1951 1500 1993 uictoriae
1521 1951 1759 2005 auspicium

151 2028 195 2061 25
223 2020 320 2061 fuit.
350 2020 464 2062 intra
484 2020 601 2061 enim
620 2020 935 2075 sexagesimum
954 2020 1069 2061 diem
1088 2035 1218 2075 quam
1235 2035 1357 2063 caesa
1374 2021 1486 2062 silua
1502 2021 1642 2062 fuerat
1661 2036 1758 2062 cen-

222 2097 316 2131 tum
327 2090 551 2144 sexaginta
567 2090 747 2131 nauium
764 2090 910 2131 classis
921 2090 1173 2132 inanchoris
1190 2091 1326 2141 stetit,
1347 2098 1493 2132 utnon
1504 2099 1594 2132 arte
1604 2092 1756 2140 factae,

221 2161 295 2200 sed
315 2161 500 2213 quodam
519 2175 694 2201 munere
715 2161 891 2201 deorum
911 2151 1141 2201 conuersae
1170 2159 1217 2200 in
1246 2174 1378 2200 naues
1411 2161 1548 2214 adque
1568 2167 1759 2201 mutatae

223 2230 389 2270 arbores
411 2229 673 2270 uiderentur.
706 2229 857 2283 proelii
878 2244 979 2269 uero
999 2229 1136 2269 forma
1155 2228 1387 2277 mirabilis,
1412 2243 1511 2269 cum
1531 2229 1627 2270 illas
1649 2230 1756 2270 cele-

226 2290 284 2338 ris
303 2299 581 2352 uolucresque
601 2298 791 2339 hostium
811 2312 944 2338 naues
965 2298 1045 2338 hae
1066 2311 1217 2351 graues
1249 2298 1476 2351 tardaeque
1498 2298 1757 2352 conprehen-

152 2375 196 2407 30
223 2368 386 2408 derent.
421 2368 548 2421 longe
576 2367 662 2408 illis
691 2367 887 2408 nauticae
909 2374 1018 2408 artes
1039 2368 1286 2420 detorquere
1327 2382 1464 2409 remos
1486 2375 1529 2409 et
1549 2368 1759 2409 ludificari

226 2530 237 2560 1
261 2538 343 2560 cum
359 2538 380 2560 a
396 2532 491 2561 terra
506 2526 637 2561 fretum
654 2527 883 2572 usquenisset
897 2535 930 2561 N
951 2526 963 2572 ΙΙ
992 2530 1011 2561 2
1030 2528 1092 2574 qui
1109 2527 1236 2563 obuias
1252 2528 1447 2574 populatus
1461 2535 1494 2561 N
1510 2528 1520 2572 ΙΙ
1540 2530 1559 2561 5
1576 2527 1757 2563 reuulsam

221 2591 246 2616 Β
263 2584 274 2628 ΙΙ
293 2586 313 2616 6
331 2588 508 2628 quatenus
525 2594 590 2617 nec
607 2594 703 2617 mare
720 2587 757 2617 et
783 2594 849 2617 nec
866 2583 960 2617 mole
985 2591 1019 2617 N
1033 2584 1044 2629 ΙΙ
1062 2584 1176 2630 possit
1199 2592 1234 2618 N
1247 2585 1259 2630 ΙΙ
1278 2587 1296 2618 ’7
1322 2583 1543 2629 iungendam
1566 2591 1601 2617 N
1615 2583 1626 2629 ΙΙ
1653 2594 1759 2617 suum

220 2646 254 2672 N
267 2639 279 2684 ΙΙ
296 2638 534 2673 reuocandam
549 2646 584 2672 N
597 2639 609 2684 {l
628 2640 647 2672 8
665 2643 702 2673 et
718 2649 799 2673 ecce
815 2650 835 2672 e
851 2638 948 2673 ultro
971 2647 1006 2673 N
1027 2640 1039 2685 ss
1068 2641 1108 2674 13
1135 2640 1349 2675 sollicitante
1371 2640 1539 2685 praedam
1567 2639 1586 2672 b
1599 2664 1607 2680 ,
1628 2637 1758 2672 sollici-

221 2694 323 2728 tandi
338 2695 470 2740 praeda
484 2703 510 2728 B
527 2695 538 2740 ΙΙ
560 2697 600 2728 14
617 2698 719 2729 tanta
734 2699 854 2729 tamen
869 2694 1019 2739 compsi.-
1042 2699 1163 2730 tamen
1177 2700 1278 2731 tanta
1292 2704 1350 2730 BN
1366 2696 1376 2741 ΙΙ
1394 2694 1543 2729 fuducia
1557 2702 1583 2728 B
1600 2695 1611 2739 ΙΙ
1635 2696 1671 2727 17
1691 2693 1758 2727 fre-

222 2754 300 2784 tum
316 2755 394 2784 tum
408 2758 442 2784 N
464 2751 476 2796 ΙΙ
505 2752 545 2784 18
562 2750 655 2784 fame
671 2757 708 2791 1,
734 2750 903 2784 infamem
919 2758 951 2786 N
967 2750 980 2796 ΙΙ
997 2750 1193 2786 uiolentem
1208 2760 1242 2786 N
1256 2752 1267 2798 ΙΙ
1289 2754 1328 2786 19
1346 2752 1459 2796 ipsam
1483 2750 1581 2784 illam
1602 2757 1651 2782 IN
1676 2749 1687 2792 Η
1714 2751 1758 2781 20

221 2805 319 2849 quod
337 2825 378 2831 —
394 2805 581 2840 iuuaretur
596 2818 652 2840 om
668 2813 700 2839 N
715 2806 726 2850 ΙΙ
745 2807 783 2840 21
813 2817 1067 2852 syracusanum
1091 2819 1214 2853 regem
1237 2816 1272 2842 N
1286 2808 1297 2853 ΙΙ
1315 2807 1404 2841 uicit
1434 2814 1465 2839 N
1490 2805 1500 2849 ΙΙ
1529 2806 1570 2837 22
1599 2815 1636 2836 se
1659 2803 1758 2847 prius

221 2867 254 2893 N
268 2860 279 2904 ΙΙ
305 2863 348 2894 23
364 2862 399 2895 A
414 2861 527 2896 duilio
542 2871 588 2904 B,
608 2861 743 2896 duellio
759 2869 779 2894 1
794 2862 805 2906 ΙΙ
824 2863 865 2896 24
884 2874 965 2897 cum
980 2864 1039 2909 Nu
1057 2863 1229 2898 uictoriae
1245 2875 1301 2897 om
1313 2871 1347 2896 N
1370 2863 1381 2906 ΙΙ
1409 2863 1452 2895 28
1470 2860 1564 2893 fama
1578 2866 1611 2892 N
1628 2858 1640 2903 ΙΙ
1668 2857 1757 2891 cele-

221 2926 278 2948 res
294 2923 343 2949 IN
357 2916 369 2961 ΙΙ
387 2919 431 2951 30
447 2917 533 2951 artis
550 2917 570 2951 b
588 2918 599 2962 ΙΙ
