2002 3320
245 234 254 244 ⁶
283 237 336 276 48
919 249 1011 276 lvm
1033 248 1162 276 ηοω

283 349 379 389 culo
400 347 591 388 triduum
610 345 865 400 impleuerit.
899 346 1061 400 primus
1083 346 1173 387 dies
1195 345 1317 399 signa
1338 345 1605 399 tabulasque,
1630 358 1812 397 sequens

285 431 401 458 arma
421 416 649 470 pecuniam
670 415 923 465 transuexit,
947 415 1098 456 tertius
1119 415 1311 469 captiuos
1332 414 1557 470 ipsumque
1577 427 1720 468 regem
1741 414 1813 454 ad-

284 486 472 527 tonitum
494 485 634 526 adhuc
655 491 874 538 tamquam
895 485 1036 526 subito
1063 485 1176 525 malo
1206 491 1250 525 et
1280 491 1536 539 stupentem.
1571 485 1644 524 sed
1674 484 1813 524 multo

282 555 400 609 prius
420 554 626 609 gaudium
646 554 849 595 uictoriae
878 554 1061 608 populus
1092 555 1314 594 Romanus
1343 568 1471 607 quam
1500 552 1695 606 epistulis
1725 552 1813 593 uic-

283 624 386 665 toris
406 630 689 678 praeceperat.
729 624 886 678 quippe
908 625 1055 665 eodem
1084 622 1177 672 die,
1210 637 1294 676 quo
1322 622 1462 663 uictus
1493 630 1557 663 est
1586 624 1736 664 Perses
1764 622 1811 663 in
1839 630 1859 662 5

284 694 562 743 Macedonia,
601 695 764 735 Rornae
800 693 1020 747 cognitum
1049 699 1138 743 est,
1170 707 1267 733 cum
1296 693 1381 733 duo
1410 692 1588 733 iuuenes
1623 691 1815 733 candidis

284 764 403 818 equis
425 765 538 817 apud
559 765 766 805 Iuturnae
786 764 929 804 lacum
947 763 1171 817 puluerem
1201 769 1243 803 et
1273 776 1462 802 cruorem
1492 761 1734 802 abluebant.
1768 761 1815 802 hi

283 833 552 874 nuntiauere.
587 834 807 874 Castorem
828 840 870 874 et
891 833 1113 875 Pollucem
1133 832 1265 873 fuisse
1287 831 1498 872 creditum
1517 831 1670 884 uolgo,
1703 832 1816 884 quod

283 902 444 958 gemini
463 902 668 952 fuissent3
702 902 946 943 interfuisse
966 903 1103 952 bello,
1134 903 1247 956 quod
1279 900 1489 955 sanguine
1517 901 1758 949 maderent;
1792 914 1818 940 a

284 972 538 1014 Macedonia
558 973 720 1023 uenire,
745 973 857 1027 quod
878 973 1018 1014 adhuc
1039 972 1303 1014 anhelarent.
1477 987 1479 990 ⁴
1845 977 1887 1009 10

425 1134 677 1174 XXVIIII.
710 1133 955 1174 BELLVM
977 1132 1319 1174 ILLYRICVM
1341 1130 1685 1173 SECVNDVM.

141 1271 194 1306 11,
217 1259 267 1298 13
285 1255 551 1297 Macedonici
569 1255 672 1296 belli
693 1255 888 1309 contagio
909 1255 1040 1296 traxit
1060 1254 1255 1308 Illyrios3
1290 1254 1327 1294 si
1356 1253 1553 1308 quidem,
1582 1259 1632 1292 ut
1660 1253 1816 1292 Roma-

286 1341 392 1367 num
412 1341 438 1367 a
457 1333 575 1380 tergo
604 1324 906 1378 distringerent
918 1356 930 1374 ,
964 1339 989 1365 a
1010 1326 1139 1365 Perse
1166 1338 1264 1377 rege
1285 1322 1486 1364 conducti
1505 1318 1689 1376 pecunia
1707 1320 1817 1361 mili-

287 1402 502 1436 tauerunt.
551 1394 642 1435 sine
672 1408 790 1434 mora
818 1395 871 1434 ab
899 1393 1053 1434 Anicio
1080 1400 1271 1447 praetore
1302 1392 1573 1446 subiguntur.
1617 1391 1818 1432 Scodram

287 1471 416 1519 caput
435 1463 575 1518 gentis
598 1464 759 1505 delesse
781 1462 968 1512 suffecit3
1002 1463 1147 1503 statim
1177 1469 1321 1503 secuta
1341 1461 1499 1503 deditio
1525 1468 1603 1503 est.
1636 1459 1819 1514 denique
1848 1467 1888 1499 15

287 1535 366 1575 hoc
381 1534 543 1575 bellum
563 1540 661 1574 ante
677 1533 849 1574 finitum
869 1541 933 1574 est
954 1546 1082 1587 quam
1101 1531 1191 1586 geri
1211 1533 1373 1573 Romae
1394 1531 1679 1572 nuntiaretur.

449 1703 605 1768 XXX..
638 1703 883 1744 BELLVM
905 1702 1357 1743 MACEDONICVM
1380 1699 1669 1741 TERTIVM.

146 1853 201 1888 11,
225 1841 275 1879 14
293 1838 491 1881 Quodam
510 1836 598 1877 fato
611 1868 624 1886 ‚
649 1836 770 1890 quasi
791 1835 852 1877 ita
872 1835 1142 1877 conuenisset
1162 1823 1273 1877 inter
1294 1837 1461 1877 Poenos
1492 1841 1534 1875 et
1562 1832 1819 1874 Macedonas

290 1914 339 1948 ut
359 1906 484 1947 tertio
504 1921 670 1960 quoque
691 1906 990 1955 uincerentur,
1023 1907 1171 1947 eodem
1198 1912 1386 1960 tempore
1405 1903 1574 1957 utrique
1595 1916 1711 1943 arma
1730 1914 1818 1941 mo·

290 1982 461 2017 uerunt.
497 1977 571 2016 sed
589 1975 704 2029 prior
723 1975 876 2030 iugum
896 1975 1058 2016 excutit
1079 1976 1284 2024 Macedo,
1318 1974 1536 2027 aliquanto
1565 1986 1693 2026 quam
1720 1977 1819 2011 ante
1846 1976 1890 2009 20

289 2046 460 2100 grauior
477 2077 490 2095 ‚
532 2046 636 2086 dum
676 2044 977 2085 contemnitur.
1039 2058 1168 2084 causa
1206 2044 1307 2084 belli
1346 2058 1476 2097 prope
1516 2041 1814 2083 erubescenda.

291 2116 448 2170 quippe
476 2129 656 2169 regnum
685 2113 843 2168 pariter
870 2120 912 2154 et
938 2113 1100 2154 bellum
1128 2113 1194 2153 uir
1223 2113 1402 2153 ultimae
1431 2112 1554 2153 sortis
1584 2109 1818 2151 Andriscus

290 2186 523 2234 inuaserat,
547 2184 725 2224 dubium
741 2183 847 2224 liber
865 2198 920 2223 an
942 2197 1105 2232 seruus,
1128 2182 1443 2223 mercennarius
1465 2188 1601 2229 certe3
1627 2180 1700 2221 sed
1721 2178 1821 2233 quia

290 2256 422 2309 uulgo
443 2269 496 2295 ex
517 2253 797 2295 similitudine
820 2253 1012 2307 Philippi
1033 2255 1187 2294 Persae
1215 2252 1295 2292 filii
1327 2250 1716 2305 Pseudophilippus
1746 2263 1820 2289 uo-

291 2325 489 2373 cabatur,
513 2323 673 2377 regiam
693 2323 895 2371 formam,
921 2322 1086 2376 regium
1106 2336 1285 2371 nomen,
1309 2321 1499 2362 animum
1521 2333 1687 2374 quoque
1707 2317 1818 2372 regis
1846 2324 1890 2358 25

291 2393 500 2448 impleuit.
542 2393 674 2446 igitur
704 2393 808 2433 dum
835 2392 940 2432 haec
969 2391 1062 2446 ipsa
1091 2391 1325 2433 contenmit
1359 2391 1542 2445 populus
1580 2391 1817 2436 Romanus,

294 2463 496 2504 quentio
516 2470 707 2516 praetore
728 2468 954 2503 contentus
966 2493 978 2511 ,
1010 2461 1154 2502 uirum
1174 2476 1262 2502 non
1292 2459 1580 2501 Macedonicis
1600 2458 1725 2498 modo
1746 2457 1819 2497 sed

292 2648 311 2679 2
330 2644 498 2690 pecunias
513 2652 546 2678 N
560 2644 571 2690 Η
589 2646 608 2677 3
627 2649 663 2677 et
679 2655 734 2677 om
750 2651 783 2677 N
797 2643 808 2688 ΙΙ
828 2646 847 2676 5
861 2643 958 2688 quod
976 2643 995 2676 b
1014 2644 1024 2688 ΙΙ
1044 2646 1062 2677 7
1077 2643 1243 2678 iuturnae
1259 2651 1292 2677 N
1306 2644 1317 2689 ΙΙ
1337 2645 1356 2677 8
1373 2643 1486 2687 uulgo
1502 2649 1528 2675 B
1544 2641 1555 2686 ΙΙ
1574 2643 1594 2674 9
1609 2637 1820 2673 madherent

291 2709 325 2736 N
339 2700 350 2746 ΙΙ
371 2703 407 2734 11
429 2708 633 2735 ammom
649 2707 682 2733 N
697 2699 708 2744 Η
726 2707 926 2733 εΕονΝΒνΜ
935 2707 1032 2732 omN
1046 2700 1056 2744 Η
1080 2702 1118 2733 12
1135 2698 1323 2733 macedoni
1337 2706 1371 2733 Ν
1385 2698 1396 2743 Η
1413 2697 1535 2743 illyros
1551 2704 1584 2730 N
1597 2696 1609 2741 ΙΙ
1627 2695 1657 2729 si
1674 2694 1818 2740 quidem

295 2813 376 2847 dam
393 2821 426 2846 N
440 2813 451 2858 ΙΙ
473 2815 511 2846 17
530 2819 698 2847 TERTIVM
715 2821 770 2844 om
784 2817 817 2843 N
831 2810 842 2854 ΙΙ
860 2811 903 2842 20
920 2814 996 2843 arte
1012 2818 1045 2843 N
1060 2810 1070 2854 ΙΙ
1089 2812 1132 2843 24
1157 2810 1269 2855 uulgo
1294 2808 1477 2855 philippus
1499 2817 1621 2852 persae
1638 2805 1732 2840 filius
1756 2816 1819 2839 uo-

296 2869 442 2903 cabatur
466 2877 508 2909 B,
540 2867 652 2912 uulgo
668 2866 853 2912 philippus
876 2876 920 2898 ex
945 2865 1180 2899 similitudine
1196 2865 1348 2910 philippi
1367 2862 1648 2910 pseudofilippus
1666 2861 1817 2896 uocaba-

295 2931 355 2958 tm·
370 2933 402 2958 N
417 2924 428 2970 ΙΙ
446 2927 489 2958 25
507 2923 625 2957 animo
652 2933 794 2968 quoque
819 2920 917 2966 regio
945 2928 977 2956 N
992 2923 1002 2966 Η
1021 2924 1061 2954 27
1082 2925 1307 2965 contemptus
1322 2929 1355 2954 N
1369 2921 1379 2964 Η
