2002 3320
260 214 439 253 XXVIII
881 221 1144 252 PRAEFAno.

261 322 478 378 persequi3
513 322 559 363 id
585 334 723 362 unum
749 321 875 371 addo,
899 322 1071 362 nullum
1090 321 1136 362 in
1157 321 1272 363 Flori
1301 321 1516 362 codicibus
1543 321 1807 375 frequentius

263 407 353 433 esse
384 391 587 432 uitiorum
614 405 750 444 genus
786 405 914 444 quam
942 392 1182 432 litterarum
1209 392 1438 432 earundem
1465 391 1536 431 uel
1556 390 1668 431 inter
1688 405 1732 431 se
1753 390 1807 431 si-

262 461 431 502 milium
466 468 540 501 aut
579 459 850 501 omissionem
891 468 965 502 aut
998 461 1332 516 geminationem
1371 460 1643 515 neglegentia
1682 460 1808 501 libra-

262 531 421 572 riorum
450 537 608 580 ortam‚
651 545 750 571 cum
770 545 791 571 e
820 531 963 583 codice
993 531 1194 572 continua
1224 530 1432 585 scriptura
1451 537 1622 571 exarato
1643 529 1716 570 alii
1737 531 1807 571 de-

263 601 559 642 scriberentur.
611 600 839 641 lectionem
873 601 954 641 hoc
988 601 1115 641 modo
1146 601 1421 654 deprauatam
1452 615 1553 640 mox
1582 614 1707 653 saepe
1735 613 1810 654 per

263 670 635 724 interpolationem
655 670 830 724 grauius
851 670 981 711 etiam
1001 676 1241 723 corruptam
1259 669 1389 710 fuisse
1409 685 1495 710 non
1509 683 1614 724 opus
1636 676 1699 710 est
1719 684 1807 710 mo—

263 755 378 798 nere.
414 741 485 781 sed
508 741 588 781 hac
610 740 904 782 obseruatione
926 739 1204 781 certissimam
1223 740 1349 793 longe
1369 739 1650 792 plurimorum
1671 739 1745 794 qui
1764 739 1811 779 in

265 809 480 850 codicibus
510 810 697 864 corrupti
725 811 930 865 leguntur
957 811 1147 851 locorum
1172 809 1254 850 niti
1283 808 1596 850 restitutionem
1623 824 1711 850 non
1737 823 1811 850 ne-

265 880 495 920 cessarium
514 880 686 921 uidetur
706 880 911 934 exemplis
933 882 1218 922 demonstrare
1231 911 1244 929 ,
1277 878 1432 933 quippe
1459 880 1572 932 quod
1599 885 1813 920 attentum

264 949 465 990 lectorem
486 950 661 1003 quaeuis
683 965 770 991 una
790 951 876 991 fere
896 950 1054 1004 pagina
1074 951 1237 991 doceat.

379 1021 491 1061 Cum
531 1019 605 1073 qui
639 1027 738 1061 ante
775 1020 1031 1061 Seebodium
1051 1020 1176 1061 Floro
1203 1018 1465 1060 restituendo
1501 1032 1671 1072 operam
1690 1018 1813 1058 dede-

266 1096 366 1130 runt
394 1095 433 1130 B
461 1089 527 1130 uti
556 1104 643 1130 non
671 1090 910 1144 potuerint,
948 1090 1019 1131 hic
1048 1097 1193 1131 autem
1218 1088 1429 1138 noluerit,
1466 1087 1630 1128 nemini
1656 1087 1815 1128 mirum

267 1159 451 1209 accidet,
482 1159 518 1200 si
537 1159 663 1214 longe
684 1159 878 1214 plurimis
900 1160 1004 1201 locis
1017 1192 1030 1210 ,
1064 1159 1218 1214 quibus
1247 1158 1519 1200 restituendis
1540 1157 1704 1198 codices
1725 1171 1814 1198 non

268 1230 540 1279 suffecerunt,
563 1244 698 1271 nouas
719 1237 794 1271 aut
816 1245 841 1270 a
860 1245 926 1270 me
948 1237 1022 1271 aut
1043 1231 1095 1271 ab
1117 1229 1262 1270 amicis
1279 1228 1477 1269 inuentas
1498 1227 1814 1271 emendationes

266 1298 314 1339 in
334 1299 525 1340 ordinem
552 1301 779 1340 uerborum
806 1307 995 1354 receptas
1026 1299 1233 1340 inueniet.
1280 1313 1368 1339 non
1398 1297 1520 1352 quasi
1549 1297 1816 1351 egregiorum

267 1369 456 1411 uirorum
478 1370 713 1410 tentamina
734 1371 981 1424 spreuerim,
1006 1371 1080 1411 sed
1100 1384 1199 1410 011111
1219 1368 1278 1409 eis
1300 1383 1325 1408 a
1345 1367 1488 1408 codice
1507 1371 1557 1408 N
1573 1367 1663 1408 siue
1685 1366 1816 1407 etiam

268 1453 293 1478 a
313 1439 528 1480 codicibus
549 1439 853 1480 recentioribus
873 1440 1231 1493 proficiscendum
1266 1445 1403 1486 esset,
1434 1437 1516 1477 hac
1544 1436 1717 1490 quidem
1742 1435 1816 1476 uia

267 1523 360 1548 raro
381 1515 552 1549 tantum
571 1524 722 1549 uerum
741 1509 935 1551 inuenire
955 1516 1203 1564 potuerunt.
1238 1523 1287 1549 eo
1306 1507 1449 1548 minus
1469 1507 1623 1547 horum
1641 1505 1817 1546 nomina

267 1584 406 1619 tacere
427 1579 548 1619 decet
567 1579 642 1620 ubi
663 1593 809 1620 eorum
828 1578 1000 1633 ingenio
1029 1593 1131 1620 uera
1160 1578 1287 1619 lectio
1315 1578 1505 1619 debetur.
1559 1590 1687 1631 quare
1717 1590 1817 1616 011111

268 1648 416 1702 paucis
438 1649 692 1703 quibusdam
711 1649 814 1691 locis
834 1663 979 1689 meum
1000 1655 1073 1689 aut
1084 1648 1316 1689 amicorum
1326 1647 1503 1688 nomina
1513 1646 1572 1687 eis
1585 1646 1816 1702 adscripse-

266 1718 349 1758 rim
376 1733 483 1771 quae
513 1715 586 1758 alii
618 1716 705 1757 iam
724 1724 836 1759 recte
857 1725 1147 1768 correxerant,
1180 1732 1250 1759 eos
1277 1731 1331 1757 ne
1352 1717 1423 1757 0111
1441 1716 1644 1757 iniuriam
1663 1715 1833 1756 faciam*

267 1787 362 1837 hic,
393 1794 603 1841 quantum
623 1787 796 1842 quidem
825 1787 1134 1838 animaduerti,
1169 1802 1316 1828 omnes
1345 1787 1586 1828 recensebo.
1638 1785 1770 1840 igitur
1788 1799 1817 1839 Ρ

269 1860 339 1906 29,
369 1862 578 1898 14tamen
601 1863 718 1899 tanta
746 1857 1018 1899 scribendum
1046 1873 1136 1899 esse
1167 1857 1280 1898 uidit
1309 1857 1538 1906 Dukerus,
1571 1870 1670 1896 cum
1701 1860 1818 1897 tanta

269 1932 406 1968 tamen
425 1927 612 1968 habeant
631 1932 719 1969 BN
735 1953 788 1958 —
809 1943 912 1968 nani
939 1943 1074 1969 errore
1103 1927 1313 1969 contraria
1342 1926 1402 1967 ibi
1431 1928 1692 1967 adnotantur
1712 1948 1769 1956 -
1788 1939 1817 1979 Ρ

269 2001 338 2047 43,
378 2002 425 2037 10
462 1997 574 2038 Asia
609 1996 773 2038 addidit
807 1997 894 2039 iam
941 1998 1173 2039 Seebodius
1185 2014 1197 2046 ;
1244 2012 1273 2051 p
1296 2001 1365 2045 47,
1390 2001 1413 2036 9
1446 2002 1583 2037 tamen
1618 2002 1660 2036 et
1693 2010 1722 2049 p
1745 1998 1814 2044 61,

274 2072 322 2108 12
345 2067 480 2109 ueluti
497 2067 707 2108 Heinsius
728 2066 976 2117 inuenerat,
1008 2067 1190 2121 denique
1210 2082 1239 2121 p
1263 2070 1331 2115 88,
1360 2070 1408 2106 18
1431 2065 1626 2106 incendia
1649 2063 1816 2106 Perizo-

268 2137 381 2178 nius.
415 2137 567 2192 quodsi
594 2137 685 2177 iure
715 2138 880 2179 mireris
910 2138 1024 2179 uiros
1054 2139 1199 2178 doctos
1221 2135 1416 2190 quamuis
1445 2135 1588 2176 codice
1616 2134 1817 2175 Bamber-

268 2207 390 2261 gensi
410 2207 636 2248 destitutos
658 2214 802 2248 tamen
831 2215 894 2249 tot
922 2207 1026 2249 locis
1060 2209 1113 2248 ad
1144 2221 1295 2247 uerum
1322 2205 1592 2260 peruenisse,
1632 2203 1811 2252 accedit,

270 2279 382 2330 quod
402 2278 456 2318 ad
475 2277 627 2318 merita
647 2292 793 2318 eorum
821 2284 934 2319 recte
965 2277 1227 2319 aestimanda
1257 2277 1370 2317 haud
1401 2275 1717 2329 neglegendum
1737 2279 1816 2322 est,

267 2362 355 2388 non
377 2347 557 2401 exiguus
587 2348 777 2388 locorum
806 2362 1009 2388 numerus
1047 2347 1201 2401 quibus
1232 2346 1277 2387 id
1305 2347 1417 2400 quod
1438 2344 1682 2386 coniectura
1701 2344 1818 2384 adse-

269 2417 359 2457 cuti
379 2425 500 2458 erant
521 2417 677 2458 codicis
698 2423 736 2458 B
757 2417 1002 2459 testimonio
1022 2417 1109 2458 iam
1129 2417 1437 2471 conprobatum
1457 2423 1535 2456 est.
1579 2428 1682 2468 quos
1702 2413 1817 2454 locos

268 2487 339 2527 hic
367 2501 583 2527 recensere
612 2487 799 2540 placuit,
842 2502 930 2528 non
961 2502 1045 2541 quo
1073 2487 1232 2527 famam
1261 2484 1494 2526 illustrium
1522 2483 1713 2524 uirorum
1743 2495 1817 2523 au-

267 2571 406 2611 geam,
430 2556 552 2598 cuius
574 2556 798 2598 discrimen
818 2572 906 2598 non
926 2557 973 2598 in
983 2556 1162 2611 singulis
1174 2554 1427 2597 coniecturis
1447 2560 1656 2602 uersatur,
1679 2552 1753 2593 sed
1767 2558 1818 2592 ut

268 2633 518 2680 argumento
539 2626 626 2667 sint
646 2634 794 2667 contra
813 2627 1068 2681 ignauorum
1087 2625 1432 2681 superstitionem
1447 2623 1521 2678 qui
1540 2623 1652 2663 nihil
1671 2628 1819 2663 contra

268 2696 431 2738 codices
467 2697 712 2737 audendum
744 2711 833 2737 esse
869 2696 1057 2736 clamant
1088 2703 1130 2736 et
1151 2710 1249 2736 cum
1284 2692 1600 2747 corruptissima
1627 2706 1819 2746 quaeque

268 2767 514 2821 intellegere
535 2765 616 2808 sibi
636 2765 879 2814 uideantur,
902 2765 1066 2806 ratione
1081 2772 1208 2819 atque
1229 2771 1318 2806 arte
1338 2777 1488 2805 uerum
1508 2762 1819 2802 inueniendum

268 2852 357 2878 esse
377 2851 465 2878 non
484 2836 758 2891 intellegunt.
800 2842 926 2889 atque
947 2835 1191 2889 superstitio
1220 2835 1312 2888 ipsa
1341 2834 1428 2874 fore
1455 2839 1504 2873 ut
1524 2832 1724 2873 uincatur
1744 2831 1820 2886 qui

268 2907 455 2961 sperem?
487 2921 594 2962 quae
615 2893 939 2948 inbecillitatem
968 2904 1105 2946 animi
1121 2911 1248 2958 atque
1278 2902 1488 2945 inuidiam
1509 2902 1643 2944 socias
1663 2903 1820 2944 habere
