2002 3320
728 230 927 260 murem
949 230 982 266 1,
1009 224 1023 257 ι
1052 215 1206 272 [2-5].
1336 228 1347 236 .
1730 213 1757 253 9

168 336 201 376 Ι
224 333 326 376 tulit
346 332 483 374 uirtus
502 329 758 385 parricidam
770 361 783 379 ,
806 337 849 371 et
868 328 1035 370 facinus
1055 328 1167 369 infra
1185 327 1366 382 gloriam
1383 325 1482 368 fuit.
1516 339 1596 366 nec
1616 324 1692 366 diu
1711 324 1757 365 in

219 404 304 445 fide
322 402 531 444 Albanus.
564 414 666 441 nam
695 399 902 441 Fidenate
920 399 1035 441 bello
1054 398 1174 441 missi
1201 398 1247 439 in
1268 396 1479 439 auxilium
1507 410 1561 438 ex
1589 394 1757 437 foedere

219 472 350 515 medii
378 471 490 512 inter
518 471 624 511 duos
652 477 930 525 expectauere
959 470 1191 511 fortunam.
1235 469 1310 509 sed
1351 481 1427 508 rex
1464 465 1644 507 callidus
1682 464 1758 506 ubi

219 542 426 584 inclinare
462 540 596 582 socios
632 541 687 581 ad
720 540 889 582 hostem
925 539 1069 589 uidet,
1105 538 1218 580 tollit
1254 537 1442 587 animos,
1480 535 1602 591 quasi
1636 549 1757 576 man-

178 622 198 654 5
222 614 383 655 dasset:
417 626 513 666 spes
534 610 634 652 inde
654 610 835 660 nostris,
866 617 1006 651 metus
1026 608 1237 651 hostibus.
1279 607 1340 650 sic
1357 607 1474 648 fraus
1494 606 1758 661 proditorum

219 682 339 724 irrita
365 681 462 723 fuit.
506 681 650 735 itaque
679 680 804 721 hoste
833 680 950 721 uicto
978 686 1195 734 ruptorem
1223 677 1402 719 foederis
1423 678 1613 718 Mettum
1632 675 1757 716 Fufe-

221 753 329 794 tium
370 751 598 806 religatum
634 751 745 792 inter
782 752 888 792 duos
924 764 1071 791 currus
1104 748 1347 804 pernicibus
1377 746 1496 801 equis
1539 744 1757 794 distrahit,

219 817 459 875 Albamque
478 820 616 876 ipsam
631 821 829 875 quamuis
845 827 1080 875 parentem,
1103 819 1316 860 aemulam
1331 825 1475 859 tamen
1490 815 1638 865 diruit,
1661 829 1758 856 cum

219 891 338 946 prius
360 905 506 932 omnes
527 905 627 945 opes
648 891 764 932 urbis
779 890 1005 946 ipsumque
1019 889 1229 945 populum
1243 889 1428 930 Romam
1442 885 1755 934 transtulisset3

153 970 195 1002 10
220 976 393 1017 prorsus
415 968 464 1003 ut
482 961 801 1016 consanguinea
820 960 973 1002 ciuitas
993 975 1081 1001 non
1100 959 1276 1014 perisse,
1299 959 1374 1000 sed
1393 958 1440 998 in
1460 971 1588 999 suum
1606 970 1759 1011 corpus

222 1031 381 1073 redisse
400 1046 546 1072 rursus
566 1031 798 1072 uideretur.

332 1102 479 1142 Ancus
499 1100 654 1142 deinde
674 1100 888 1149 Marcius,
921 1113 1053 1154 nepos
1075 1098 1279 1154 Pompilii
1298 1113 1351 1139 ex
1370 1097 1485 1146 filia,
1517 1111 1611 1138 raro
1639 1096 1759 1150 inge·
1783 1091 1809 1129 4

219 1171 308 1213 nio.
340 1171 473 1226 igitur
493 1179 536 1212 et
554 1186 677 1212 muro
696 1170 866 1212 moenia
885 1169 1108 1225 amplexus
1129 1176 1194 1210 est
1206 1201 1219 1219 ‚
1252 1175 1295 1210 et
1324 1167 1644 1208 interfluentem
1663 1165 1760 1207 urbi

221 1241 472 1283 Tiberinum
490 1248 621 1297 ponte
641 1240 869 1291 commisit,
892 1239 1143 1294 Ostiamque
1163 1239 1209 1280 in
1229 1239 1322 1294 ipso
1341 1237 1470 1279 maris
1485 1236 1761 1290 fluminisque

154 1320 196 1352 15
224 1312 410 1354 confinio
429 1312 642 1354 coloniam
659 1310 825 1366 posuit;
858 1310 946 1351 iam
973 1317 1068 1351 tum
1095 1309 1298 1351 uidelicet
1323 1307 1596 1364 praesagiens
1617 1305 1761 1347 animo

222 1383 417 1424 futurum
436 1390 487 1424 ut
515 1382 648 1424 totius
667 1380 821 1422 mundi
841 1395 941 1435 opes
963 1387 1006 1421 et
1026 1388 1286 1422 commeatus
1306 1379 1383 1421 illo
1403 1378 1526 1420 uelut
1546 1376 1761 1424 maritimo

222 1453 340 1494 urbis
360 1452 547 1507 hospitio
566 1452 868 1506 reciperentur.
1276 1444 1282 1448 ”

339 1522 598 1577 Tarquinius
617 1529 767 1576 postea
795 1521 994 1572 Priscus,
1017 1520 1214 1576 quamuis
1234 1518 1543 1561 transmarinae
1564 1515 1756 1571 originis,
1788 1512 1812 1550 5

223 1607 403 1648 regnum
419 1593 545 1638 ,ultro
583 1599 734 1646 petens
764 1591 928 1646 accepit
958 1593 1011 1633 ob
1039 1590 1296 1632 industriam
1316 1591 1454 1644 adque
1475 1586 1757 1642 elegantiam3

154 1671 198 1704 20
223 1663 381 1718 quippe
410 1662 484 1717 qui
512 1662 716 1703 oriundus
737 1661 944 1703 Corintho
974 1662 1188 1704 Graecum
1215 1661 1440 1716 ingenium
1468 1657 1632 1700 Italicis
1663 1655 1762 1697 arti-

222 1734 304 1775 bus
323 1732 580 1774 miscuisset.
612 1731 683 1773 hic
704 1739 747 1773 et
767 1739 941 1773 senatus
960 1731 1230 1773 maiestatem
1248 1744 1425 1772 numero
1446 1727 1671 1783 ampliauit
1684 1759 1696 1776 ,
1720 1734 1763 1767 et

225 1803 428 1845 centuriis
448 1802 584 1844 tribus
605 1802 726 1844 auxit
745 1801 926 1856 equites,
949 1807 1161 1856 quatenus
1176 1801 1324 1843 Attius
1343 1799 1515 1842 Nauius
1536 1806 1764 1839 numerum

226 1873 373 1928 augeri
400 1871 675 1927 prohibebat,
708 1871 775 1912 uir
806 1886 998 1914 summus
1026 1872 1220 1927 augurio.
1264 1885 1392 1926 quem
1420 1885 1496 1911 rex
1522 1869 1570 1910 in
1599 1867 1762 1922 experi-

224 1951 421 1986 mentum
439 1941 625 1997 rogauit,
647 1941 796 1983 fierine
816 1949 975 1996 posset,
994 1944 1109 1996 quod
1123 1935 1214 1997 ipse
1229 1949 1374 1983 mente
1390 1937 1667 1994 conceperat?
1688 1937 1763 1978 ille

155 2023 199 2056 25
226 2029 316 2056 rem
335 2019 536 2068 expertus
557 2011 753 2067 auguriO,
775 2026 900 2066 posse
919 2013 1153 2067 respondit.
1188 2008 1359 2067 ‘atquin
1377 2005 1470 2052 hoc’
1494 2009 1638 2064 inquit
1654 2004 1763 2062 ‘agi-

226 2091 377 2134 taram,
400 2090 539 2125 cotem
557 2082 678 2124 illam
698 2082 831 2124 secari
850 2083 1063 2124 nouacula
1082 2098 1206 2138 posse
1215 2078 1243 2132 3³
1266 2089 1309 2123 et
1329 2096 1467 2136 augur
1481 2076 1641 2135 ‘potest
1650 2073 1762 2132 ergo'

226 2154 392 2208 inquit,
427 2160 470 2195 et
500 2153 650 2195 secuit.
691 2151 791 2194 inde
819 2153 1027 2195 Romanis
1059 2168 1176 2195 sacer
1206 2159 1456 2208 auguratus.
1490 2164 1629 2204 neque
1659 2162 1763 2204 pace

227 2223 486 2278 Tarquinius
516 2238 645 2277 quam
670 2223 785 2265 bello
814 2224 1063 2279 promptior.
1104 2222 1330 2266 duodecim
1367 2234 1552 2274 namque
1582 2218 1764 2260 Tusciae

235 2430 247 2461 1
268 2428 363 2463 intra
379 2436 411 2462 N
426 2428 437 2474 11
455 2439 520 2462 nec
537 2428 601 2462 diu
617 2429 655 2463 in
672 2428 741 2463 fide
757 2436 818 2462 IN.-
836 2439 902 2462 nec
919 2426 1013 2462 desit
1030 2426 1160 2461 deinde
1176 2434 1201 2460 B
1226 2428 1237 2473 11
1263 2429 1282 2462 2
1301 2426 1400 2461 missi
1419 2439 1462 2467 3:
1480 2425 1578 2460 misit
1593 2432 1669 2460 BIN
1693 2423 1703 2469 11
1730 2429 1767 2458 et

232 2485 376 2519 foedere
392 2492 424 2519 N
439 2484 449 2529 11
470 2486 488 2518 3
506 2484 675 2519 callidum
694 2484 714 2518 b
732 2485 742 2529 11
761 2483 912 2518 callidus
929 2483 996 2518 sub
1014 2483 1226 2518 inclinarcN
1243 2483 1253 2529 11
1272 2483 1373 2530 quasi
1390 2483 1466 2528 ipse
1477 2490 1510 2516 N
1524 2483 1535 2528 11
1554 2485 1574 2518 6
1596 2487 1766 2516 metumB

235 2542 246 2586 11
263 2541 435 2575 furetium
451 2541 524 2582 151⁶,
544 2541 739 2575 sustecium
754 2541 806 2582 ιΡ,
826 2540 998 2575 sufetium
1013 2547 1046 2574 N
1070 2540 1082 2585 11
1101 2545 1120 2573 S
1141 2540 1241 2586 prius
1258 2551 1340 2574 cum
1355 2547 1389 2574 N
1402 2540 1414 2585 11
1432 2542 1452 2573 9
1472 2539 1610 2585 primus
1626 2537 1673 2578 1¹²,
1693 2535 1764 2582 pri-

229 2609 327 2632 mum
343 2598 382 2632 1¹²
400 2598 411 2643 11
429 2609 564 2632 romam
580 2606 613 2632 1:
633 2597 692 2631 ·R-
711 2606 747 2638 B,
767 2605 997 2631 romanumN
1011 2598 1022 2642 11
1046 2599 1139 2631 l2ex
1151 2596 1327 2631 filiaomN
1342 2596 1353 2641 11
1371 2607 1484 2642 prauo
1500 2603 1529 2636 Ι,
1550 2593 1627 2639 pari
1643 2600 1676 2626 N
1691 2592 1702 2637 11
1725 2594 1763 2625 13

229 2654 371 2689 moenia
380 2666 483 2689 muro
499 2662 532 2688 N
547 2654 557 2699 11
575 2653 811 2689 influentem!
828 2654 839 2697 11
862 2657 899 2688 14
918 2653 1021 2700 ponti
1036 2661 1070 2687 N
1083 2654 1095 2699 11
1117 2653 1229 2688 willo
1245 2661 1306 2687 1N:
1324 2653 1408 2687 illut
1422 2661 1448 2686 B
1465 2653 1477 2697 11
1500 2654 1539 2684 19
1557 2656 1685 2696 potens
1696 2658 1720 2683 Β
1738 2650 1749 2692 11

231 2713 274 2746 20
290 2711 438 2757 ingenio
455 2711 476 2746 b
494 2711 505 2756 11
523 2713 566 2745 22
584 2710 723 2756 equites
740 2710 878 2744 addidit
890 2709 1042 2755 Piqln'us
1057 2721 1142 2744 ann.
1154 2722 1189 2744 α.
1206 2712 1269 2744 138
1280 2713 1363 2744 ante
1379 2708 1564 2749 centuriis,
1583 2719 1637 2740 om
1647 2714 1723 2739 ΜΝ
1738 2706 1748 2748 11

227 2766 323 2802 atius
332 2775 398 2809 BN,
418 2769 534 2803 actius
549 2776 568 2802 Ι
584 2770 595 2814 11
613 2767 764 2802 naeuius
781 2775 817 2808 B,
836 2766 965 2801 neuius
979 2774 1031 2800 1N
1044 2767 1055 2811 11
1075 2769 1117 2800 23
1125 2766 1250 2812 augeri
1266 2775 1297 2801 l:
1315 2776 1452 2810 augure
1468 2772 1504 2804 B,
1526 2762 1667 2808 augerit
1684 2770 1715 2795 N
1738 2762 1748 2804 11

231 2823 488 2868 prohibebatur
502 2833 535 2859 N
549 2826 560 2870 11
578 2828 621 2859 24
638 2829 781 2869 ceperat
794 2831 813 2857 Ι
828 2824 839 2868 11
857 2825 901 2857 25
917 2823 1019 2869 atqui
1035 2831 1060 2857 B
1077 2823 1089 2868 11
1114 2823 1183 2858 hoc
1200 2823 1319 2869 inquit
1344 2822 1395 2855 bis
1421 2821 1440 2854 b
1464 2820 1475 2864 11
1504 2819 1626 2864 agitur
1650 2829 1695 2851 an
1711 2817 1762 2857 1⁹,

233 2879 412 2925 agitabam
428 2889 460 2915 N
474 2882 485 2925 11
504 2885 547 2917 26
564 2894 610 2916 an
627 2886 744 2916 cotem
760 2889 792 2915 N
808 2882 817 2926 ’11
836 2892 954 2916 secare
970 2887 1003 2914 N
1024 2879 1035 2926 11
1053 2879 1186 2926 possim
1204 2879 1240 2913 [Ρ
1251 2905 1260 2919 ,
1280 2889 1420 2924 possem
1438 2884 1469 2910 N
1484 2876 1495 2920 11
1513 2881 1549 2909 et
1566 2887 1620 2908 om
1637 2881 1669 2908 N
1691 2874 1703 2919 11
1721 2876 1763 2907 26

231 2940 350 2980 potest
366 2937 503 2982 scripsi:
522 2943 624 2983 potes
639 2945 714 2972 BIN
729 2938 740 2983 11
