2002 3320
279 256 358 295 120
854 297 861 301 ,
931 253 1024 298 nim
1045 270 1176 298 FLom

594 402 775 442 XXXI.
809 401 1055 444 BELLVM
1076 402 1487 446 GAETVLICVM.

275 537 398 576 Haec
434 536 488 575 ad
527 536 872 590 septentrionem.
925 537 1003 578 sub
1042 537 1278 579 meridiano
1318 538 1628 579 tumultuatum
1668 537 1804 592 magis

276 620 404 659 quam
431 605 640 646 bellatum
669 613 747 647 est.
790 607 1058 649 Musulamos
1091 614 1218 661 atque
1247 607 1479 657 Gaetulos,
1513 608 1675 649 accolas
1708 608 1805 662 Syr-

276 676 386 716 tium
407 676 537 717 Cosso
558 677 664 717 duce
695 678 955 732 compescuit
970 694 981 727 ;
1014 679 1129 718 unde
1160 676 1225 717 illi
1246 677 1462 718 Gaetulici
1491 692 1649 719 nomen
1675 678 1806 719 latius

276 760 404 799 quam
431 745 624 787 uictoria.
657 747 814 801 pariter
842 748 1122 789 Marmaridas
1153 754 1279 802 atque
1310 748 1591 789 Garamantas
1626 747 1807 792 Quirino

274 815 532 870 subigendos
554 816 685 858 dedit.
705 817 847 871 potuit
870 825 912 859 et
931 818 1004 859 ille
1021 817 1154 859 redire
1171 817 1466 868 Marmaricus,
1491 819 1564 859 sed
1579 818 1807 860 modestior

275 885 320 926 in
343 885 607 927 aestimanda
627 886 806 928 uictoria
826 887 921 928 fuit.

591 1034 797 1075 XXXII.
831 1036 1075 1078 BELLVM
1096 1036 1485 1078 ARMENICVM.

273 1167 343 1206 Ad
364 1165 570 1207 orientem
589 1167 685 1220 plus
706 1166 868 1221 negotii
889 1182 988 1208 cum
1007 1167 1238 1209 Armeniis.
1271 1168 1357 1208 huc
1379 1168 1560 1208 alterum
1580 1181 1634 1207 ex
1653 1167 1805 1208 Caesa-

272 1236 389 1277 ribus
404 1268 416 1286 ,
438 1235 664 1289 nepotibus
685 1236 795 1287 suis,
827 1237 958 1278 misit.
1003 1238 1126 1278 ambo
1146 1237 1234 1278 fato
1252 1238 1427 1287 breues,
1459 1243 1523 1278 set
1544 1237 1650 1277 alter
1668 1236 1805 1291 inglo-

274 1306 377 1347 rius.
426 1306 644 1347 Massiliae
674 1307 829 1360 quippe
859 1308 1005 1348 morbo
1026 1307 1184 1348 Lucius
1216 1307 1421 1356 soluitur,
1449 1306 1496 1346 in
1526 1306 1647 1360 Syria
1668 1305 1805 1347 Gaius

275 1391 327 1417 ex
349 1377 521 1417 uolnere
543 1376 756 1426 occubuit,
780 1391 879 1417 cum
888 1376 1138 1418 Armeniam
1157 1378 1211 1418 ad
1223 1377 1404 1418 Parthos
1426 1390 1469 1418 se
1487 1376 1807 1418 subtrahentem

274 1447 321 1486 in
342 1446 409 1487 ius
432 1445 606 1500 recepit.
640 1447 866 1488 Armenios
889 1446 1005 1488 uicto
1026 1461 1124 1502 rege
1146 1446 1331 1501 Tigrane
1351 1447 1397 1487 in
1417 1447 1499 1488 hoc
1518 1461 1655 1487 unum
1676 1446 1807 1487 serui-

274 1516 379 1557 tutis
400 1531 535 1570 genus
554 1517 783 1571 Pompeius
801 1518 1067 1567 adsueuerat,
1090 1525 1140 1558 ut
1159 1525 1340 1559 rectores
1362 1532 1386 1558 a
1405 1517 1528 1559 nobis
1550 1516 1801 1572 acciperent.

274 1586 567 1627 intermissum
588 1602 686 1641 ergo
706 1587 773 1632 ius
793 1602 868 1642 per
887 1588 1003 1628 hunc
1023 1594 1319 1642 recuperatum
1338 1602 1425 1628 non
1446 1587 1668 1628 incruento
1680 1620 1693 1638 ,
1726 1602 1806 1629 nec

271 1657 409 1697 multo
430 1663 574 1697 tamen
595 1657 839 1699 certamine.
874 1657 1031 1713 quippe
1060 1659 1223 1707 Dones,
1248 1672 1375 1712 quem
1405 1673 1482 1698 rex
1499 1658 1732 1712 Artagerae
1749 1670 1804 1696 ex

274 1727 446 1769 Parthis
466 1727 740 1781 praefecerat,
764 1727 965 1769 simulata
983 1727 1224 1782 proditione
1241 1728 1412 1769 adortus
1427 1727 1568 1768 uirum
1589 1727 1806 1768 intentum

273 1797 443 1847 libello,
476 1812 602 1851 quem
622 1804 671 1838 ut
691 1798 1019 1841 thensaurorum
1038 1797 1222 1839 rationes
1244 1797 1535 1839 continentem
1556 1797 1647 1853 ipse
1667 1811 1806 1851 porre-

273 1874 407 1916 xerat,
432 1867 577 1910 stricto
598 1876 770 1926 repente
790 1868 899 1908 ferro
921 1868 1066 1910 subiit.
1099 1874 1142 1909 et
1163 1875 1266 1909 tunc
1287 1867 1459 1922 quidem
1475 1869 1630 1909 Caesar
1649 1880 1805 1908 recrea-

275 1943 342 1977 tus
365 1944 428 1978 est
449 1952 502 1977 ex
524 1938 699 1979 uulnere
720 1937 766 1978 in
792 1945 984 1991 tempus,
1019 1944 1147 1983 setu.
1181 1944 1368 1979 ceterum
1394 1939 1596 1980 barbarus
1617 1937 1806 1991 undique

273 2006 429 2047 infesto
451 2007 641 2048 exercitu
662 2022 883 2061 oppressus
911 2007 1054 2061 gladio
1077 2015 1119 2048 et
1138 2023 1256 2063 pyra,
1280 2008 1326 2048 in
1348 2023 1477 2063 quam
1496 2023 1540 2049 se
1559 2020 1807 2063 percussum

269 2076 449 2126 inmisit,
474 2076 690 2131 superstiti
711 2076 841 2117 etiam
861 2091 976 2117 nunc
999 2077 1170 2118 Caesari
1191 2077 1407 2118 satisfecit.

276 2226 289 2258 1
311 2233 463 2258 BELLVM
490 2233 731 2259 GAETVLICVM
755 2236 810 2258 om
835 2232 867 2257 N
881 2222 892 2269 ΙΙ
912 2226 931 2257 3
955 2223 1158 2258 musalanos
1184 2231 1210 2257 Β
1234 2222 1245 2269 {l
1270 2223 1422 2258 surtium
1447 2230 1480 2256 N
1503 2223 1514 2269 ss
1539 2225 1559 2257 4
1578 2222 1725 2257 cossode
1748 2229 1773 2257 B
1790 2221 1803 2267 ΙΙ

274 2280 493 2325 gaetulicum
511 2280 561 2314 eis
578 2281 686 2315 latius
708 2290 733 2315 B
752 2282 762 2326 ΙΙ
781 2292 888 2326 quam
913 2292 969 2314 om
995 2288 1026 2315 N
1047 2279 1058 2326 ΙΙ
1084 2279 1217 2326 pariter
1241 2279 1388 2325 scripsi:
1414 2283 1513 2325 patet
1534 2287 1582 2321 N,
1617 2291 1673 2313 om
1703 2286 1729 2313 Β
1753 2277 1764 2324 ΙΙ
1782 2280 1802 2312 5

272 2345 389 2371 xxxn
414 2345 566 2371 BELLVM
592 2346 933 2372 MARCOMANNICVM
953 2336 1089 2382 (uoluit
1110 2337 1392 2382 MARMARICVM)
1423 2336 1494 2370 add
1515 2344 1541 2370 Β
1558 2335 1569 2380 ΙΙ
1587 2335 1804 2370 marmaricis

271 2401 297 2427 B
315 2393 325 2439 ΙΙ
344 2394 473 2438 gurino
497 2401 538 2434 N,
558 2405 613 2426 om
629 2401 654 2427 B
669 2394 782 2438 spatzb
799 2393 931 2434 relicto,
952 2393 1145 2432 Quirinum
1162 2396 1265 2426 uocat
1277 2400 1308 2428 1.
1334 2392 1500 2427 Cornelio
1515 2392 1751 2438 Nspperdeius
1766 2392 1805 2426 in

274 2448 531 2482 Schneidewini
551 2449 735 2495 Philoloqo
751 2458 771 2484 Ι
785 2462 814 2495 p
831 2452 895 2484 670
915 2450 926 2495 Ιὶ
945 2452 964 2484 6
990 2448 1217 2495 subegendos
1241 2457 1266 2483 Β
1284 2449 1295 2495 l}
1313 2450 1434 2494 potuit
1456 2457 1508 2484 N.-
1533 2453 1615 2494 post
1635 2457 1661 2483 B
1679 2449 1689 2494 ΙΙ
1707 2448 1805 2484 Mar-

272 2504 425 2538 maricus
442 2517 496 2538 om
512 2514 538 2539 B
553 2506 666 2550 spatio
683 2507 802 2540 relicto
820 2506 831 2552 ΙΙ
850 2518 922 2540 una
937 2505 1170 2540 estimandus
1188 2505 1199 2551 ΙΙ
1219 2507 1237 2539 8
1252 2515 1386 2541 XXXIII
1403 2514 1555 2540 BELLVM
1571 2512 1803 2540 ARMENICVM

273 2572 328 2593 om
352 2568 385 2594 N
399 2561 410 2605 ,Ὶ
440 2563 479 2595 10
504 2562 560 2595 uis
583 2571 608 2596 Β
626 2563 636 2608 [Ι
658 2565 693 2596 11
724 2563 913 2597 massiniae
938 2570 970 2596 N
984 2561 996 2607 ss
1013 2562 1131 2596 lucius
1153 2573 1290 2596 mormo
1313 2569 1347 2596 N
1361 2563 1372 2608 ΙΙ
1394 2564 1432 2597 12
1458 2562 1606 2597 uulnere
1629 2568 1653 2595 Β
1671 2561 1682 2606 ΙΙ
1700 2572 1804 2595 occu-

273 2616 354 2650 buit
379 2629 433 2650 om
456 2625 490 2651 N
514 2617 524 2662 ΙΙ
549 2618 706 2652 armenia
722 2627 746 2653 Β
765 2619 775 2665 Η
794 2618 1026 2653 subtrahente
1041 2626 1067 2652 B
1085 2618 1096 2664 ΙΙ
1117 2620 1156 2652 13
1174 2618 1211 2652 in
1234 2618 1290 2652 ius
1306 2618 1449 2663 scripsi:
1473 2618 1570 2664 ipsos
1593 2625 1636 2659 B,
1663 2628 1719 2650 om
1742 2625 1777 2651 N
1791 2616 1803 2663 ΙΙ

273 2673 402 2719 recipit
423 2682 456 2707 N
479 2674 490 2719 ΙΙ
515 2675 715 2708 armoenios
736 2683 762 2709 B
789 2675 799 2720 ΙΙ
818 2676 935 2709 uictor
959 2674 1078 2720 gentis
1095 2674 1259 2720 tigranen
1275 2683 1301 2709 Β
1318 2675 1329 2721 ΙΙ
1351 2678 1390 2708 1-1
1415 2676 1619 2709 atsueuerat
1639 2681 1682 2714 Β,
1703 2673 1803 2707 adse-

274 2734 376 2763 uerat
399 2737 433 2763 N
456 2728 466 2775 [1
491 2729 692 2775 reciperent
715 2739 747 2765 N
762 2731 773 2777 Η
803 2733 840 2765 15
866 2731 1101 2776 reciperatum
1117 2739 1150 2765 N
1165 2731 1176 2777 ΙΙ
1194 2736 1342 2766 cruento
1357 2739 1388 2765 N
1405 2731 1415 2777 ΙΙ
1437 2733 1476 2765 16
1502 2729 1577 2764 ulto
1593 2729 1647 2774 ΒῘΙ
1666 2729 1803 2764 donnes

272 2793 304 2818 N
320 2785 330 2830 ΙΙ
348 2786 544 2831 Artagerae
561 2798 605 2821 ex
621 2787 763 2822 Parthis
788 2787 937 2831 scripsi.-
962 2792 1159 2822 artaxerses
1184 2787 1322 2833 parthis
1345 2795 1388 2829 B,
1418 2786 1588 2821 artaxatis
1604 2793 1638 2819 N
1651 2784 1662 2830 l}
1685 2787 1722 2818 17
1741 2785 1803 2820 ad-

273 2842 398 2876 hortus
413 2850 438 2876 B
457 2843 467 2887 ΙΙ
486 2847 607 2877 utrum
631 2851 664 2878 N
685 2842 697 2888 ΙΙ
726 2846 765 2877 19
796 2843 1158 2878 strictosarrecreatus
1176 2856 1219 2878 ex
1245 2843 1394 2877 uulnere
1415 2849 1449 2875 N
1463 2842 1474 2887 Η
1502 2843 1544 2875 20
1572 2846 1626 2876 est
1655 2842 1804 2876 uulnere

272 2906 296 2932 Β
315 2898 325 2943 u
344 2904 398 2932 set
413 2898 542 2943 scripsi
551 2913 562 2933 :
587 2904 622 2934 et
637 2908 673 2942 Β,
694 2913 747 2934 om
764 2908 797 2934 N
812 2900 822 2946 ss
841 2901 880 2934 21
901 2899 1270 2945 12ercussu*summisit
1286 2907 1320 2940 B,
1340 2898 1667 2943 percussusinmisit
1682 2906 1715 2932 N
1729 2899 1740 2944 Η
1758 2900 1801 2932 22

273 2955 455 2989 etiannum
472 2963 505 2989 N
520 2955 530 3001 ΙΙ

1837 756 1856 789 5

1835 1243 1876 1276 10

1833 1595 1876 1628 15

1832 1943 1876 1976 20
