2002 3320
267 230 319 270 50
933 242 1025 271 1vL1
1046 242 1174 272 nom

265 342 378 394 quod
397 355 473 395 pro
502 340 562 380 rei
599 339 818 380 atrocitate
852 341 956 381 adeo
991 339 1127 381 mouit
1160 340 1242 382 iras
1285 347 1334 381 ut
1369 347 1556 380 extrema
1590 338 1783 380 mallent.

263 410 571 463 comploratum
605 408 737 462 igitur
763 408 933 463 publice
963 409 1107 450 statim
1144 417 1186 450 et
1214 410 1306 464 pari
1333 423 1437 451 uoce
1463 409 1693 450 clamatum
1723 414 1787 448 est

258 476 332 520 ‘ad
352 493 468 519 arma
482 473 507 518 Γ
539 478 732 531 seditque
754 478 980 527 sententia,
1004 492 1172 532 quoquo
1201 480 1326 521 modo
1352 478 1667 526 rebellandum;
1701 491 1788 518 non

264 548 364 602 quia
383 548 470 589 iam
489 561 584 602 spes
614 547 705 588 ulla
732 553 992 601 superesset,
1024 548 1098 588 sed
1124 548 1225 601 quia
1253 548 1436 601 patriam
1463 563 1583 590 suam
1609 547 1789 589 mallent

263 617 451 658 hostium
470 631 599 671 quam
615 616 702 657 suis
718 616 916 658 manibus
939 615 1087 656 euerti.
1113 616 1187 670 qui
1205 617 1505 659 rebellantium
1523 618 1652 658 fuerit
1674 617 1789 658 furor
1817 625 1837 656 5

262 687 334 728 uel
353 687 454 727 hinc
474 686 668 740 intellegi
687 692 828 740 potest
867 686 981 738 quod
1009 685 1055 726 in
1084 700 1212 727 usum
1240 701 1378 728 nouae
1408 687 1553 729 classis
1582 694 1694 728 tecta
1713 688 1785 728 do-

262 771 412 798 muum
446 756 734 804 resciderunt3
777 755 823 795 in
854 769 1066 796 armorum
1094 755 1272 798 officinis
1301 770 1454 797 aurum
1483 763 1526 798 et
1564 763 1788 810 argentum

260 840 336 880 pro
357 840 450 866 aere
471 825 664 879 ferroque
685 825 919 866 conflatum
938 831 1026 873 est,
1057 824 1104 864 in
1134 831 1439 866 tormentorum
1467 825 1641 867 uincula
1660 825 1788 867 crinis

262 909 360 935 suos
380 901 599 935 matronae
620 895 906 935 contulerunt.
941 893 1145 935 Mancino
1166 894 1318 935 deinde
1339 895 1511 936 consule
1533 902 1644 936 terra
1661 894 1787 953 mari‹

261 979 341 1018 que
362 964 554 1005 feruebat
575 964 752 1005 obsidio.
787 963 922 1018 operti
948 970 1120 1017 portus,
1157 965 1346 1006 nudatus
1377 972 1442 1006 est
1469 964 1632 1019 primus
1653 971 1696 1004 et
1724 978 1785 1004 se·
1818 971 1858 1003 10

261 1048 416 1087 quens,
454 1033 540 1074 iam
566 1040 609 1074 et
639 1033 790 1074 tertius
819 1047 992 1082 murus,
1030 1047 1128 1073 cum
1148 1040 1292 1074 tamen
1312 1036 1469 1089 Byrsa,
1500 1036 1614 1089 quod
1633 1049 1789 1075 nomen

262 1103 349 1144 arci
388 1103 471 1143 fuit
483 1135 495 1152 ,
538 1102 660 1157 quasi
688 1103 821 1143 altera
865 1102 1016 1143 ciuitas
1049 1102 1285 1143 resistebat.
1338 1103 1534 1157 quamuis
1569 1103 1791 1157 profligato

261 1172 377 1213 urbis
400 1172 564 1213 excidio
585 1179 727 1213 tamen
746 1172 876 1213 fatale
901 1171 1069 1212 Africae
1088 1187 1243 1213 nomen
1266 1172 1515 1226 Scipionum
1543 1172 1782 1213 uidebatur.

260 1242 393 1296 igitur
412 1242 458 1282 in
479 1242 613 1283 alium
634 1241 875 1296 Scipionem
896 1255 1101 1282 conuersa
1119 1257 1185 1283 res
1205 1242 1378 1296 publica
1397 1243 1528 1283 finem
1545 1242 1649 1282 belli
1668 1256 1786 1296 repo—

265 1312 421 1351 scebat.
442 1311 558 1352 hunc
575 1311 711 1352 Paulo
728 1311 1004 1351 Macedonico
1019 1318 1286 1365 procreatum
1300 1311 1490 1352 Africani
1505 1311 1621 1352 illius
1642 1310 1788 1365 magni
1817 1319 1857 1350 15

262 1380 378 1421 filius
399 1381 526 1421 decus
546 1380 686 1435 gentis
703 1382 1008 1434 adsumpserat,
1031 1381 1111 1421 hoc
1132 1380 1292 1422 scilicet
1307 1381 1394 1421 fato
1414 1389 1464 1422 ut
1488 1396 1616 1435 quam
1638 1381 1789 1421 'urbem

264 1455 533 1491 concusserat
554 1463 661 1490 auus
682 1464 813 1503 nepos
835 1442 926 1490 eius
947 1456 1170 1491 euerteret.
1196 1452 1269 1491 sed
1290 1465 1415 1504 quem
1435 1451 1487 1491 ad
1507 1451 1681 1491 modum
1699 1464 1786 1491 ma-

263 1518 376 1560 xime
410 1518 615 1560 mortiferi
642 1533 806 1560 morsus
835 1520 973 1560 solent
1012 1534 1101 1561 esse
1130 1519 1406 1561 morientium
1431 1520 1688 1576 bestiarum,
1727 1519 1786 1560 sic

262 1589 360 1642 plus
381 1588 543 1642 negotii
563 1588 645 1629 fuit
666 1603 764 1630 cum
792 1589 995 1630 semiruta
1025 1589 1284 1644 Carthagine
1327 1604 1457 1644 quam
1485 1604 1583 1630 cum
1602 1589 1784 1644 integra.

263 1658 480 1712 conpulsis
501 1658 547 1699 in
566 1673 699 1699 unam
719 1673 858 1699 arcem
877 1659 1072 1700 hostibus
1100 1666 1270 1713 portum
1300 1673 1466 1713 quoque
1495 1659 1601 1699 mari
1629 1660 1785 1699 Roma·
1814 1666 1857 1698 20

263 1743 346 1768 nus
363 1729 644 1769 obstruxerat.
669 1728 734 1768 illi
751 1728 933 1770 alterum
949 1728 1030 1769 sibi
1045 1735 1215 1782 portum
1237 1729 1288 1769 ab
1306 1728 1390 1769 alia
1405 1728 1521 1770 urbis
1537 1735 1656 1782 parte
1672 1728 1786 1769 fode-

264 1805 381 1848 runt,
404 1812 483 1838 nec
502 1804 552 1838 ut
572 1797 789 1851 fugerent;
815 1799 889 1839 sed
909 1812 993 1860 qua
1012 1812 1137 1838 nemo
1157 1797 1252 1839 illos
1272 1812 1350 1839 nec
1371 1799 1549 1839 euadere
1563 1812 1686 1853 posse
1702 1812 1787 1838 cre-

261 1868 405 1916 debat,
428 1867 528 1907 inde
544 1867 666 1920 quasi
680 1874 783 1908 nata
799 1867 938 1908 subito
955 1867 1101 1908 classis
1119 1867 1273 1921 erupit,
1297 1882 1396 1908 cum
1411 1867 1582 1908 interim
1601 1867 1687 1908 iam
1702 1866 1788 1908 die-

260 1938 357 1986 bus,
376 1936 463 1976 iam
482 1936 679 1977 noctibus
694 1951 808 1977 noua
825 1936 967 1990 aliqua
987 1937 1137 1986 moles,
1155 1951 1269 1977 noua
1284 1937 1498 1987 machina,
1521 1951 1635 1978 noua
1650 1935 1788 1992 perdi-

263 2014 404 2048 torum
415 2005 638 2046 hominum
649 2020 803 2046 manus
820 2006 943 2058 quasi
956 2021 1009 2046 ex
1027 2007 1176 2047 obruto
1194 2006 1391 2046 incendio
1411 2006 1551 2047 subita
1569 2008 1620 2047 de
1638 2005 1787 2046 cineri·
1815 2013 1859 2045 25

261 2077 342 2117 bus
358 2066 529 2116 flamma
547 2075 757 2129 prodibat.
782 2074 1010 2128 deploratis
1022 2075 1254 2115 nouissime
1265 2076 1389 2116 rebus
1401 2075 1578 2129 triginta
1587 2089 1663 2116 sex
1670 2073 1790 2114 milia

263 2146 453 2186 uirorum
474 2159 517 2185 se
538 2144 791 2185 dediderunt
813 2168 864 2174 ——-
887 2145 1000 2198 quod
1019 2144 1162 2185 minus
1183 2145 1343 2193 credas,
1370 2145 1476 2185 duce
1497 2143 1784 2186 Hasdrubale.

264 2222 423 2270 quanto
443 2214 594 2256 fortius
614 2212 774 2254 femina
802 2220 845 2254 et
874 2228 980 2253 uxor
1001 2213 1140 2254 ducis!
1175 2228 1282 2267 quae
1302 2213 1602 2267 conprehensis
1623 2213 1788 2254 duobus

263 2286 406 2326 liberis
429 2301 453 2326 a
472 2283 659 2326 culmine
681 2297 724 2323 se
745 2283 894 2323 domus
914 2282 961 2322 in
980 2283 1168 2323 medium
1188 2283 1305 2324 misit
1324 2282 1594 2332 incendium,
1624 2282 1791 2323 imitata

264 2355 455 2410 reginam
484 2369 591 2411 quae
622 2351 926 2407 Carthaginem
947 2352 1149 2394 condidit.
1186 2359 1346 2407 quanta
1366 2353 1465 2393 urbs
1487 2352 1626 2393 deleta
1646 2351 1718 2402 sit,
1740 2357 1789 2393 ut
1815 2359 1859 2392 30

269 2525 282 2556 1
304 2533 368 2567 pro
384 2533 422 2556 re
438 2530 471 2556 N
485 2522 496 2566 11
515 2524 535 2556 6
552 2526 691 2566 poteest
705 2530 730 2557 Β
748 2522 759 2568 ΙΙ
777 2522 976 2567 domusque
990 2530 1024 2556 N
1038 2522 1049 2568 ΙΙ
1068 2525 1099 2556 7.
1112 2522 1316 2559 reciderunt
1337 2530 1362 2556 B
1380 2521 1391 2567 ΙΙ
1409 2521 1566 2556 officinas
1594 2531 1720 2554 aurum
1736 2531 1789 2554 ar-

266 2582 376 2623 gento
392 2585 416 2611 B
435 2577 445 2622 Η
465 2579 483 2611 8
509 2578 623 2612 crines
644 2586 669 2612 Β
687 2578 697 2623 ΙΙ
715 2581 735 2612 9
762 2583 944 2613 matronae
962 2579 1068 2614 crinis
1085 2590 1168 2613 suos
1183 2586 1216 2612 N
1230 2578 1241 2623 ΙΙ
1263 2580 1302 2612 10
1326 2578 1482 2612 feruerat
1503 2585 1535 2611 Ν
1550 2576 1561 2622 ΙΙ
1579 2575 1694 2621 operis
1710 2586 1791 2620 por-

266 2638 326 2668 tus
340 2640 373 2667 N
387 2632 399 2678 ΙΙ
416 2633 573 2668 nudatus
590 2638 626 2668 et
649 2634 785 2679 primus
801 2642 834 2670 N
848 2635 860 2678 Ιι
881 2637 920 2668 15
937 2634 1205 2670 macedonicum
1227 2642 1253 2668 B
1270 2635 1281 2680 ΙΙ
1302 2637 1343 2669 16
1364 2634 1401 2668 in
1425 2633 1533 2668 decus
1547 2639 1580 2666 N
1594 2632 1605 2677 ss
1623 2631 1789 2676 adsump-

267 2693 387 2724 serant
409 2697 434 2723 B
458 2690 469 2734 ΙΙ
487 2689 581 2723 facto
600 2689 619 2722 b
637 2689 648 2735 ΙΙ
670 2691 708 2723 17
729 2691 792 2724 sed
815 2702 920 2735 quam
946 2692 1099 2725 maxime
1121 2699 1154 2726 N
1169 2691 1179 2735 ΙΙ
1201 2692 1240 2725 18
1267 2702 1342 2724 esse
1366 2700 1504 2724 morsus
1528 2687 1644 2722 solent
1667 2694 1701 2721 N
1715 2687 1725 2732 ΙΙ
1747 2689 1787 2721 19

268 2745 462 2790 semirupta
484 2754 509 2780 Β
526 2745 538 2791 ΙΙ
555 2757 637 2781 cum
663 2758 718 2780 om
741 2754 774 2781 N
788 2745 799 2791 ΙΙ
818 2748 860 2780 20
875 2758 968 2780 mars
985 2758 1152 2782 romanus
1167 2754 1198 2780 N
1214 2746 1224 2792 ΙΙ
1243 2748 1282 2780 21
1312 2745 1499 2780 obsederat
1519 2751 1553 2778 N
1566 2743 1578 2789 fl
1595 2743 1649 2777 illi
1672 2746 1792 2777 autem

268 2810 293 2836 Β
310 2802 322 2847 ΙΙ
340 2801 389 2835 ibi
405 2810 436 2836 N
453 2802 463 2848 ΙΙ
482 2804 523 2836 22
541 2801 709 2836 euaderet
723 2809 748 2835 B
765 2801 777 2847 fl
796 2803 836 2835 23
855 2806 941 2835 nota
955 2810 991 2843 Β,
1012 2806 1117 2836 enata
1130 2810 1163 2836 N
1178 2802 1188 2847 ΙΙ
1207 2805 1249 2836 24
1267 2801 1378 2836 moles
1394 2799 1558 2834 machina
1571 2807 1597 2833 Β
1615 2799 1625 2843 ΙΙ
1644 2801 1686 2833 26
1705 2810 1790 2844 qua-

270 2858 437 2902 draginta
459 2869 495 2892 se
521 2857 619 2892 milia
641 2856 800 2891 uirorum
827 2857 1042 2891 dediderunt
1057 2865 1086 2892 N
1103 2857 1114 2901 ΙΙ
1133 2859 1173 2891 27
1190 2869 1260 2902 quo
1277 2865 1302 2894 Β
1319 2858 1330 2902 ΙΙ
1349 2858 1390 2891 28
1407 2856 1558 2891 feminae
1574 2863 1599 2891 B
1617 2856 1627 2902 ΙΙ
1646 2866 1791 2900 conpre-

270 2914 364 2948 ensis
381 2923 405 2948 Β
423 2914 433 2959 Η
452 2916 494 2948 29
512 2913 686 2948 immitata
700 2921 725 2947 Β
743 2912 754 2958 ΙΙ
