2002 3320
300 237 502 273 XXXIIII
944 243 1205 272 PRAEFATIO.

290 350 509 399 poteretur
528 343 760 391 intactum,
794 342 908 396 quod
927 342 973 382 in
992 347 1031 383 B
1050 357 1215 397 semper
1243 349 1480 384 correctum
1507 349 1586 384 est.
1629 345 1705 386 sed
1732 345 1845 385 suffi-

299 414 420 454 ciunt
440 414 561 461 haee,
585 426 692 465 quae
712 411 836 452 facile
857 411 1003 466 augeri
1023 419 1213 466 possent,
1237 412 1273 453 si
1293 426 1400 466 opus
1422 420 1547 454 esset.

412 483 486 523 Eis
508 481 622 522 enim
645 495 753 535 quae
773 481 994 536 hucusque
1024 482 1244 537 disputaui
1264 482 1382 524 uiam
1402 491 1528 537 atque
1549 482 1758 524 rationem
1776 483 1846 523 fir·

299 568 414 594 mare
436 551 571 601 uolui,
597 566 682 605 qua
702 551 818 592 Flori
837 553 968 592 uerba
987 552 1208 594 restituere
1229 560 1406 594 conatus
1428 568 1522 594 sum
1535 585 1548 603 ,
1573 560 1781 608 quatenus
1802 551 1848 592 id

299 624 503 664 librorum
525 621 779 663 testimoniis
799 621 1027 676 diligenter
1054 628 1097 662 et
1124 623 1179 662 ad
1208 622 1309 663 artis
1330 623 1499 664 criticae
1519 624 1634 677 leges
1656 621 1847 664 tractatis

298 693 406 734 effici
427 691 581 746 potuit.
615 699 666 733 ut
695 691 831 733 officio
863 691 998 732 critici
1017 692 1143 746 plene
1164 692 1266 733 satis
1293 693 1414 734 fieret
1444 694 1638 734 accedere
1668 692 1848 733 debebat

298 778 438 805 rerum
459 778 483 804 a
503 763 629 803 Floro
650 762 904 803 traditarum
925 768 1121 803 accurata
1139 762 1435 816 pertractatio,
1469 778 1554 817 qua
1581 763 1671 804 sola
1697 761 1847 803 multis

297 834 400 875 locis
432 834 486 874 ad
514 832 727 886 liquidum
753 832 931 887 perduci
957 831 1139 886 poterit,
1182 831 1286 885 quid
1320 833 1373 873 ab
1412 847 1461 873 eo
1490 832 1617 874 scribi
1642 831 1843 886 potuerit.

298 911 483 958 quantus
504 902 621 944 enim
641 917 827 943 errorum
856 903 1207 957 grauissimorum
1226 910 1270 943 et
1290 917 1424 957 paene
1454 902 1769 943 incredibilium
1802 901 1849 942 in

296 974 522 1014 homiuum
551 980 678 1027 atque
717 974 907 1014 locorum
935 973 1209 1022 nominibus,
1250 973 1296 1014 in
1335 981 1525 1027 tempore
1558 972 1848 1026 conputando,

298 1043 482 1097 denique
509 1043 556 1083 in
593 1042 791 1084 omnibus
822 1057 930 1097 quae
958 1044 1089 1084 fidem
1118 1043 1319 1084 historico
1345 1043 1511 1084 faciunt
1538 1044 1663 1084 rebus
1692 1042 1740 1083 in
1768 1042 1849 1083 hoc

300 1114 409 1155 libro
430 1112 752 1155 commissorum
772 1127 979 1154 numerus
1008 1113 1088 1163 sit,
1112 1114 1214 1155 satis
1235 1128 1310 1168 per
1331 1113 1421 1155 eius
1446 1113 1697 1168 interpretes
1720 1119 1849 1166 atque

298 1184 571 1225 historiarum
592 1182 814 1237 scriptores
834 1190 987 1224 notum
1017 1190 1081 1224 est
1099 1199 1238 1238 neque
1258 1185 1348 1225 ulla
1366 1198 1441 1238 per
1461 1184 1657 1238 exempla
1676 1184 1849 1224 ‹lemon-

300 1254 503 1295 stratione
525 1260 635 1307 eget.
678 1267 938 1307 quamquam
968 1253 1101 1307 igitur
1127 1266 1253 1295 nemo
1293 1254 1486 1295 dubitare
1514 1260 1654 1309 potest
1693 1252 1794 1308 quin
1827 1266 1852 1293 a

299 1324 423 1365 Floro
444 1338 601 1364 errores
623 1323 725 1364 satis
745 1323 892 1377 magni
912 1323 1124 1377 expectari
1143 1323 1322 1377 possint,
1361 1339 1526 1378 semper
1546 1332 1690 1365 tamen
1710 1322 1850 1377 inqui-

298 1395 479 1434 rendum
499 1393 592 1443 erit,
615 1400 760 1434 utrum
780 1408 960 1434 errorem
981 1394 1167 1448 aliquem
1186 1394 1268 1448 ipsi
1296 1394 1420 1434 Floro
1452 1408 1508 1434 an
1526 1394 1697 1435 librario
1724 1393 1849 1447 inpu-

300 1470 388 1504 tare
418 1464 673 1512 debeamus,
714 1478 769 1504 ne
801 1470 876 1504 aut
903 1463 1034 1504 huius
1064 1463 1174 1504 uitia
1211 1465 1435 1504 emendare
1472 1464 1748 1518 neglegamus
1776 1470 1851 1504 aut

299 1532 416 1573 illius
437 1532 723 1586 ignorantiam
743 1534 1027 1588 corrigamus,
1057 1547 1239 1587 quorum
1270 1540 1499 1588 utrumque
1526 1533 1721 1574 criticum
1740 1532 1850 1587 pari-

300 1611 364 1643 ter
385 1604 574 1644 dedecet.
608 1618 758 1644 uerum
786 1605 837 1645 de
866 1604 947 1644 hac
976 1618 1020 1644 re
1050 1611 1212 1644 certum
1242 1603 1450 1644 iudicium·
1469 1604 1567 1645 ferri
1597 1618 1685 1644 non
1711 1609 1851 1657 potest

300 1672 385 1714 nisi
413 1673 508 1727 quis
539 1681 733 1715 accurate
774 1673 1123 1727 inuestigauerit,
1166 1688 1250 1727 qua
1277 1673 1502 1727 diligentia
1529 1681 1571 1714 et
1598 1688 1699 1714 cura
1713 1705 1726 1723 ,
1768 1687 1852 1727 quo

301 1742 459 1783 iudicio
481 1750 523 1784 et
542 1743 771 1797 prudentia
791 1744 949 1785 Florus·
963 1743 1133 1797 singula
1154 1743 1375 1785 tradiderit
1388 1775 1401 1793 ,
1426 1758 1553 1798 quam
1574 1743 1621 1784 in
1641 1743 1701 1785 eis
1721 1745 1850 1784 fidem

300 1821 532 1864 mereatur,
572 1815 686 1869 quod
714 1814 927 1868 praeclaro
958 1814 1152 1868 exemplo
1183 1813 1230 1854 in
1258 1813 1455 1855 Cornelio
1483 1815 1651 1868 Nepote
1671 1813 1852 1868 Nipper-

301 1884 422 1925 deius
442 1885 633 1938 perfecit.
677 1891 771 1925 tum
798 1885 971 1924 demum
991 1891 1201 1937 quatenus
1223 1884 1432 1925 erroribus
1454 1884 1605 1926 Florus
1625 1883 1851 1939 probabili-

304 1961 374 1995 ter«
384 1954 554 1995 liberari
573 1954 707 2008 possit
727 1953 959 1996 diiudicare
987 1954 1147 1995 licebit.
1196 1954 1307 1995 hanc
1335 1969 1436 1995 uero
1466 1955 1506 1995 ei
1535 1969 1707 2008 operam
1734 1968 1852 2008 prae-

303 2031 414 2065 stare
443 2040 509 2066 res
536 2038 656 2066 meae
695 2038 783 2065 non
811 2023 1032 2073 sinebant;
1068 2038 1197 2078 quare
1233 2025 1286 2065 ab
1322 2024 1524 2065 historica
1559 2024 1656 2064 crisi
1682 2037 1852 2077 prorsus

302 2094 515 2144 abstinui,
554 2100 780 2135 contentus
807 2094 846 2135 ei
867 2094 942 2148 qui
970 2094 1086 2135 hunc
1107 2095 1293 2135 laborem
1330 2101 1604 2149 suscepturus
1646 2100 1710 2134 est
1739 2099 1854 2134 certa

302 2164 582 2205 fundamenta
610 2164 781 2214 iecisse,
814 2179 840 2205 a
869 2164 1024 2218 quibus
1056 2171 1150 2205 tuto
1170 2163 1381 2218 proficisci
1400 2164 1548 2218 possit.
1601 2163 1703 2204 hinc
1723 2162 1853 2203 etiam

303 2234 510 2288 quaestio,
530 2249 637 2288 quae
648 2241 712 2275 est
723 2235 774 2275 de
784 2234 973 2275 fontibus
989 2234 1141 2288 quibus
1158 2235 1308 2275 Florus
1325 2249 1427 2275 usus
1445 2234 1516 2284 sit,
1535 2234 1741 2275 soluenda
1756 2232 1850 2274 erit.

303 2319 402 2344 cum
433 2304 624 2354 codices,
663 2304 794 2346 etiam
819 2308 927 2354 BN,
959 2304 1086 2345 hunc*
1103 2304 1298 2345 libellum
1326 2304 1556 2358 epitomam
1576 2305 1628 2345 de
1649 2305 1701 2345 T.
1726 2302 1853 2344 Liuio

303 2373 552 2424 inscribant,
584 2389 672 2415 non
693 2375 919 2416 defuerunt
939 2375 1013 2430 qui
1034 2375 1339 2416 contenderent
1359 2375 1532 2416 Florum
1552 2374 1672 2415 nullo
1690 2380 1855 2428 praeter

306 2442 481 2483 Liuium
508 2443 781 2485 historiarum
811 2444 1011 2499 scriptore
1039 2459 1188 2494 usum,
1230 2446 1302 2486 sed
1333 2446 1385 2485 ab
1415 2459 1464 2485 eo
1493 2445 1582 2486 solo
1607 2450 1853 2485 mutuatum

305 2526 420 2561 esse,
454 2527 561 2565 quae
582 2513 787 2555 rhetorice
808 2521 1044 2556 exornaret.
1088 2516 1201 2569 quod
1229 2515 1303 2569 qui
1329 2529 1467 2569 nuper
1487 2514 1688 2556 acerrime
1709 2512 1852 2553 defen-

306 2581 370 2622 dit
398 2582 651 2623 Franciscus
687 2584 881 2625 Ritterus
916 2584 963 2624 in
998 2585 1220 2626 annalium
1255 2586 1308 2626 ab
1344 2583 1594 2639 antiquariis
1629 2581 1852 2624 Rhenanis

306 2650 517 2692 editarum
537 2652 739 2693 fasciculo
759 2654 899 2695 XVII
919 2669 948 2708 p
975 2661 990 2696 1
1017 2670 1108 2709 sqq,
1132 2655 1168 2697 is
1189 2669 1240 2696 ea
1260 2655 1453 2704 leuitate,
1477 2668 1561 2708 qua
1582 2651 1853 2694 difficillimas

307 2721 573 2774 quaestiones
594 2722 819 2764 facillimas
841 2724 922 2764 sibi
941 2726 1115 2765 reddere
1136 2725 1258 2774 solet,
1283 2725 1413 2765 etiam
1431 2724 1542 2764 hanc
1561 2737 1651 2763 rem
1670 2721 1848 2776 peregit.

307 2791 429 2845 quasi
449 2791 608 2833 oblitus
639 2799 749 2833 esset
761 2824 776 2843 ,
809 2801 911 2846 quot
931 2793 1034 2834 locis
1056 2809 1081 2834 a
1102 2794 1228 2836 Liuio
1249 2794 1416 2835 diuersa
1446 2793 1596 2834 Florus
1629 2790 1853 2832 tradidisse

308 2861 587 2903 conuincatur
608 2861 742 2903 sicubi
763 2862 938 2904 Liuium
960 2863 1101 2917 ipsum
1122 2865 1310 2904 conferre
1331 2863 1446 2912 licet,
1470 2862 1542 2902 ille
1563 2875 1853 2915 quaecumque

309 2933 423 2985 apud
444 2932 617 2973 Florum
647 2932 784 2974 solum
813 2933 947 2982 relata
978 2933 1194 2987 leguntur,
1225 2933 1325 2985 quia
1346 2932 1520 2973 Liuiiun
1541 2932 1626 2972 iam
1655 2932 1854 2973 adhibere
