2002 3320
285 231 340 270 96
923 246 1015 274 1v1.1
1037 246 1166 275 ηοω

287 342 440 396 peiana
461 342 646 397 dignitas
667 344 825 398 grauis.
859 359 938 386 nec
958 345 1031 386 ille
1050 346 1213 386 ferebat
1233 359 1378 399 parem
1391 377 1403 395 ,
1433 360 1511 386 nec
1539 344 1609 386 hic
1631 345 1818 400 superio·

287 428 390 455 rem.
434 428 510 468 pro
539 413 682 454 nefas!
715 414 775 455 sic
805 416 857 455 de
886 415 1129 469 principatu
1159 415 1432 466 laborabant,
1469 423 1687 470 tamquam
1716 416 1821 457 duos

288 486 400 527 tanti
414 484 583 539 imperii
598 484 770 525 fortuna
786 499 873 525 non
892 491 1074 539 caperet.
1100 499 1199 539 ergo
1221 487 1406 526 Lentulo
1417 486 1705 540 Marcelloque
1722 499 1820 527 con-

292 556 456 598 sulibus
478 561 604 608 rupta
623 555 760 608 primo
781 555 1087 596 coniurationis
1116 556 1238 595 fides.
1272 556 1323 595 de
1345 555 1609 596 successione
1630 555 1821 597 Caesaris

290 633 479 675 senatus,
502 625 547 666 id
567 632 631 666 est
642 625 872 680 Pompeius
894 625 1099 680 agitabat,
1123 639 1202 666 nec
1221 625 1295 666 ille
1316 626 1545 674 abnuebat,
1569 625 1606 666 si
1625 625 1732 666 ratio
1754 625 1820 666 sui

288 695 493 752 proximis
510 695 693 736 comitiis
709 696 950 736 haberetur.
975 702 1025 735 ut
1041 696 1211 737 daretur
1227 695 1473 736 consulatus
1491 695 1672 745 absenti,
1695 710 1822 749 quem

290 769 436 808 decem
458 765 620 806 tribuni
640 765 813 806 fauente
830 765 1036 820 Pompeio
1051 780 1189 819 nuper
1210 766 1501 814 decreuerant‚
1525 765 1822 806 dissimulante

291 839 440 878 eodem
459 837 719 890 negabatur:
754 835 921 876 ueniret
942 842 983 876 et
1003 841 1165 890 peteret
1194 849 1309 876 more
1328 834 1550 875 maiorum.
1583 834 1657 875 ille
1677 841 1824 875 contra

291 907 482 961 flagitare
503 908 695 955 decreta,
719 920 782 955 ac,
805 905 890 946 nisi
909 907 1016 946 fides
1036 912 1326 960 permaneret,
1349 920 1437 946 non
1463 904 1678 946 remittere
1707 919 1822 945 exer-

292 978 439 1018 citum.
474 991 572 1031 ergo
593 983 643 1017 ut
661 975 708 1016 in
728 975 896 1016 hostem
916 975 1170 1016 decernitur.
1203 975 1270 1016 his
1292 976 1446 1017 Caesar
1467 974 1652 1029 agitatus
1673 973 1825 1016 statuit

292 1047 479 1101 praemia
498 1061 711 1088 armorum
731 1045 857 1087 armis
878 1046 1117 1087 defendere.
1725 1033 1728 1036 ,

407 1117 553 1159 Prima
574 1116 713 1157 ciuilis
733 1116 837 1156 belli
866 1116 1026 1157 harena
1054 1115 1183 1157 Italia
1210 1116 1318 1165 fuit,
1361 1115 1482 1156 cuius
1513 1129 1627 1155 arces
1657 1114 1825 1155 leuibus

293 1187 513 1243 praesidiis
548 1185 779 1239 Pompeius
809 1185 1044 1235 insederat3
1079 1187 1153 1227 sed
1183 1185 1327 1226 omnia
1354 1184 1495 1226 subito
1528 1184 1719 1226 Caesaris
1747 1183 1825 1224 im-

292 1266 396 1313 petu
417 1271 614 1312 oppressa
634 1262 750 1297 sunt.
782 1255 920 1309 prima
939 1255 1135 1296 Arimino
1164 1255 1287 1309 signa
1315 1254 1574 1295 cecinerunt.
1607 1261 1702 1295 tum
1730 1254 1825 1308 pul-

293 1344 364 1370 sus
385 1327 557 1369 Etruria
573 1326 697 1375 Libo,
716 1325 894 1367 Vmbria
910 1325 1136 1374 Thermus,
1155 1324 1372 1365 Domitius
1389 1325 1593 1366 Corfinio.
1619 1331 1662 1365 et
1681 1338 1823 1378 perac-

293 1406 386 1439 tum
402 1404 492 1438 erat
506 1397 670 1438 bellum
686 1395 776 1436 sine
794 1395 1019 1449 sanguine,
1038 1395 1075 1436 si
1092 1395 1345 1449 Pompeium
1354 1393 1575 1435 Brundisii
1591 1393 1826 1448 opprimere

292 1467 515 1522 potuisset.
564 1473 606 1507 et
634 1473 825 1520 ceperat3
861 1466 935 1506 sed
961 1465 1035 1506 ille
1064 1479 1139 1519 per
1169 1464 1327 1505 obsessi
1357 1464 1541 1505 claustra
1559 1471 1707 1518 portus
1726 1477 1826 1504 noc-

292 1546 420 1580 turna
446 1538 550 1592 fuga
579 1536 730 1578 euasit.
774 1542 898 1590 turpe
929 1535 1062 1576 dictu.
1099 1536 1226 1576 modo
1255 1533 1452 1588 princeps
1481 1540 1677 1587 patrum,
1708 1532 1825 1587 pacis

289 1609 476 1663 bellique
496 1609 735 1648 moderator
754 1621 829 1660 per
849 1606 1160 1660 triumphatum
1181 1620 1205 1646 a
1235 1619 1278 1645 se
1310 1619 1425 1644 mare
1451 1604 1590 1644 lacera
1619 1609 1662 1643 et
1690 1617 1825 1657 paene

290 1678 444 1720 inermi
463 1678 567 1719 naui
597 1677 803 1732 fugiebat.
850 1691 930 1717 nec
962 1675 1141 1731 Pompei
1172 1675 1224 1715 ab
1256 1674 1385 1715 Italia
1413 1688 1542 1728 quam
1570 1680 1742 1714 senatus
1771 1673 1824 1714 ab

291 1749 394 1789 urbe
421 1748 524 1802 fuga
551 1747 728 1802 turpior.
763 1762 891 1802 quam
910 1761 1046 1801 paene
1076 1759 1258 1786 uacuam
1286 1750 1406 1785 metu
1436 1744 1592 1785 Caesar
1611 1742 1827 1797 ingressus

292 1818 511 1860 consulem
532 1818 686 1872 seipse
714 1818 829 1859 fecit.
878 1816 1088 1858 aerarium
1123 1829 1291 1868 quoque
1321 1820 1542 1863 sanctum,
1581 1814 1695 1867 quod
1726 1813 1827 1867 quia

291 1888 452 1929 tardius
473 1887 718 1942 aperiebant
739 1887 901 1929 tribuni
916 1886 1041 1928 iussit
1058 1884 1240 1938 effringi,
1264 1898 1439 1925 censum
1460 1890 1502 1924 et
1521 1882 1828 1938 patrimonium

290 1958 439 2013 populi
459 1958 646 1999 Romani
667 1965 765 1998 ante
785 1957 928 2011 rapuit
948 1970 1076 2009 quam
1096 1954 1337 2009 imperium.

406 2029 539 2069 Pulso
559 2028 789 2081 fugatoque
811 2026 1016 2081 Pompeio
1046 2024 1201 2065 maluit
1228 2024 1345 2077 prius
1368 2023 1562 2063 ordinare
1582 2021 1825 2076 prouincias

291 2113 419 2153 quam
438 2098 582 2152 ipsum
602 2097 736 2151 sequi.
771 2095 963 2137 Siciliam
980 2101 1022 2134 et
1039 2092 1296 2141 Sardiniam,
1322 2106 1516 2132 annonae
1535 2092 1729 2146 pignera,
1752 2105 1827 2144 per

290 2168 615 2223 legatos'habet.
648 2166 761 2207 nihil
789 2165 944 2206 hostile
974 2170 1062 2204 erat
1091 2162 1138 2202 in
1168 2162 1335 2210 Gallia3
1372 2176 1521 2215 pacem
1541 2161 1631 2215 ipse
1651 2161 1823 2201 fecerat.

293 2241 364 2281 sed
386 2240 440 2279 ad
459 2236 770 2291 Hispanienses
792 2233 971 2289 Pompei
991 2232 1202 2274 exercitus
1235 2231 1475 2272 transeunti
1502 2245 1577 2285 per
1605 2245 1700 2271 eam
1727 2229 1827 2271 duci

291 2317 432 2364 portas
454 2308 648 2348 claudere
670 2321 774 2348 ausa
794 2303 988 2347 Massilia
1008 2310 1085 2344 est.
1105 2301 1259 2343 misera
1275 2301 1378 2341 dum
1398 2300 1517 2355 cupit
1535 2315 1700 2355 pacem,
1722 2299 1826 2340 belli

292 2386 411 2420 metu
431 2379 477 2419 in
496 2378 659 2419 bellum
678 2376 830 2417 incidit
841 2392 852 2424 3
886 2375 959 2416 sed
979 2373 1080 2427 quia
1099 2379 1195 2413 tuta
1214 2370 1346 2412 muris
1368 2377 1472 2420 erat,
1496 2369 1614 2410 uinci
1634 2384 1728 2411 eam
1744 2369 1825 2410 sibi

298 2609 307 2640 l
330 2616 375 2639 ne
391 2603 449 2638 hie
466 2622 510 2628 —
528 2614 594 2636 nec
610 2601 671 2636 ille
687 2609 719 2635 N
734 2601 744 2646 Η
764 2602 782 2634 2
801 2612 865 2646 pro
883 2613 938 2635 om
961 2608 994 2634 N
1009 2601 1020 2646 Η
1040 2603 1056 2633 4
1068 2599 1182 2645 primo
1201 2597 1348 2643 scripsi.-
1367 2597 1482 2643 prima
1491 2604 1549 2630 BN
1563 2597 1574 2641 ΙΙ
1592 2595 1702 2630 fideN
1717 2595 1727 2640 ΙΙ
1746 2598 1766 2630 6
1784 2600 1825 2629 ut

291 2663 436 2697 daretur
452 2671 507 2693 om
523 2666 556 2692 N
570 2659 581 2703 ΙΙ
601 2660 618 2691 7
637 2657 795 2691 tribusN
809 2658 819 2702 ss
839 2657 965 2691 cumde
983 2656 1216 2690 simulanteN
1230 2654 1240 2700 ΙΙ
1261 2656 1280 2688 8
1298 2654 1488 2688 uenissetB
1506 2653 1516 2697 ss
1535 2651 1707 2686 maiorum
1725 2662 1822 2685 more

290 2729 322 2756 N
337 2720 348 2765 Η
366 2721 386 2752 9
404 2716 475 2751 nisi
490 2715 528 2749 in
544 2714 613 2749 fide
630 2718 878 2759 permanerent
894 2725 966 2747 non
985 2724 1021 2747 se
1038 2712 1219 2747 remittere
1234 2718 1267 2745 Ν
1282 2710 1293 2756 ΙΙ
1315 2712 1353 2744 12
1372 2720 1479 2744 arena
1493 2716 1518 2742 Β
1536 2708 1546 2752 ΙΙ
1569 2710 1608 2741 15
1626 2706 1752 2741 orfinio
1768 2715 1794 2742 B
1811 2707 1822 2752 ΙΙ

292 2777 500 2823 perhaetum
515 2779 540 2806 B
558 2770 569 2815 ΙΙ
591 2771 630 2803 18
649 2769 785 2803 dictum
801 2776 834 2802 N
849 2768 859 2813 ΙΙ
878 2771 921 2802 20
945 2768 1132 2814 pompeius
1146 2775 1180 2802 Ν
1194 2768 1205 2813 ΙΙ
1224 2769 1262 2800 21
1284 2766 1371 2812 fuga
1387 2764 1525 2810 turpior
1551 2764 1749 2797 Gruterus:
1766 2763 1822 2797 fu—

292 2837 397 2878 gatur
414 2828 492 2877 pior
507 2837 552 2870 B,
572 2827 719 2873 fugatur
735 2824 831 2871 prior
855 2831 888 2857 N
903 2824 913 2869 ΙΙ
942 2824 1096 2857 22-facit
1121 2831 1153 2857 N
1169 2823 1179 2867 fl
1198 2824 1241 2856 23
1268 2832 1413 2856 censum
1437 2819 1715 2853 Mommsenius:
1741 2830 1823 2854 cen-

292 2899 443 2933 sumque
458 2893 516 2920 BN
531 2885 541 2930 ΙΙ
560 2886 601 2918 25
620 2881 818 2929 prouintias
834 2888 867 2914 N
881 2880 892 2926 Ιξ
911 2882 954 2913 26
977 2879 1128 2924 pignora
1154 2886 1185 2911 Ν
1200 2879 1210 2923 Η
1229 2880 1272 2912 28
1296 2877 1359 2912 sed
1375 2888 1430 2910 om
1446 2883 1478 2908 N
1493 2875 1503 2920 ΙΙ
1523 2877 1564 2909 29
1584 2875 1743 2909 elausere
1760 2882 1790 2908 N
1806 2874 1817 2920 ΙΙ

292 2948 334 2979 30
353 2944 441 2979 tutis
457 2951 489 2977 N
505 2942 515 2987 ΙΙ

1853 982 1895 1014 10

1855 1331 1896 1363 15

1853 1680 1896 1713 20

1853 2029 1897 2061 25

1853 2376 1897 2409 30
