2002 3320
834 271 1099 302 rumano.
1603 264 1745 302 XLIII

273 372 385 414 ferae
404 371 545 413 cubile
564 370 832 426 prospiciunt
851 378 894 413 et
915 386 1017 415 aues
1036 380 1267 416 senescunt
1286 372 1333 414 in
1352 372 1471 415 nido.
1491 372 1529 415 si
1546 373 1638 415 fata
1655 373 1744 415 Ro-

272 456 388 484 mam
405 448 567 497 negant
586 442 784 497 patriam,
808 442 954 484 saltim
974 443 1045 485 hic
1060 458 1234 486 manere
1249 444 1487 500 contingat.
1507 443 1612 499 quid
1631 445 1747 499 quod

273 514 536 555 consuetudo
555 528 622 555 res
642 513 763 555 fortis
784 520 863 555 est.
907 521 951 556 et
981 529 1077 556 ecce
1106 514 1193 556 iam
1220 515 1514 557 familiaritate
1540 515 1748 557 continua

272 583 426 626 ciuitas
446 583 572 626 nobis
601 583 697 639 ipsa
726 584 974 636 blanditur,
1000 600 1136 640 quae,
1168 585 1206 628 si
1233 585 1338 641 quid
1367 585 1504 627 credis
1530 585 1642 626 mihi
1671 585 1746 639 qui
1816 600 1817 603 ¹

233 663 254 695 5
270 655 409 696 multa
438 654 623 709 cognoui
633 686 647 705 ‚
681 655 874 697 omnium
898 671 1041 698 rerum
1071 671 1181 712 quae
1210 658 1265 698 ad
1301 656 1490 711 quietem
1526 655 1747 710 eliguntur

269 725 512 781 gratissima
532 732 610 767 est.
657 727 869 782 populum
887 726 1034 778 uides,
1063 742 1089 769 o
1118 727 1273 783 hospes
1294 733 1338 768 et
1366 726 1527 777 amice,
1563 727 1746 781 probum

269 796 383 851 frugi
403 796 598 852 quietum
619 797 737 838 tarde
758 797 931 853 quidem
944 829 958 848 ,
981 804 1046 840 set
1074 797 1234 840 iudicio
1264 797 1537 852 hospitalem.
1577 796 1746 838 caelum

268 867 540 922 peculiariter
560 875 846 923 temperatum
873 868 1026 910 miscet
1053 868 1196 920 uices,
1234 875 1278 910 et
1305 874 1455 910 notam
1482 867 1596 910 ueris
1627 874 1746 909 totus

270 952 410 979 annus
445 937 652 980 imitatur.
705 945 816 980 terra
849 939 1001 981 fertilis
1025 939 1204 994 -campis
1235 946 1279 981 et
1307 939 1445 994 magis
1477 938 1658 980 collibus
1687 962 1745 969 -

215 1015 258 1048 10
272 1022 375 1049 nam
396 1008 549 1050 Italiae
568 1008 681 1049 uites
703 1009 874 1050 affectat
903 1016 947 1050 et
976 1017 1194 1064 comparat
1224 1024 1343 1051 areas
1364 1035 1420 1058 τ
1448 1009 1636 1051 serotino
1656 1021 1747 1050 non

267 1077 477 1120 erubescit
499 1083 723 1120 autumno.
767 1078 806 1120 si
832 1079 936 1134 quid
963 1081 1019 1122 ad
1038 1094 1129 1122 rem
1149 1079 1357 1135 pertinet,
1382 1079 1538 1121 ciuitas
1558 1080 1652 1134 ipsa
1672 1093 1744 1134 ge-

266 1148 549 1190 nerosissimis
570 1149 772 1204 auspiciis
793 1149 1014 1201 instituta3
1038 1166 1142 1193 nam
1160 1158 1328 1207 praeter
1347 1150 1542 1193 Caesaris
1562 1150 1742 1201 uexilla,

265 1233 376 1274 quae
394 1226 569 1274 portant
597 1219 838 1275 triumphos
851 1252 865 1271 ,
902 1223 1018 1263 unde
1045 1237 1204 1264 nomen
1232 1221 1397 1276 accepit
1406 1253 1420 1272 ,
1463 1222 1584 1263 adest
1613 1220 1746 1262 etiam

264 1289 489 1345 peregrina
508 1290 726 1332 nobilitas.
759 1291 917 1346 quippe
938 1292 974 1335 si
993 1301 1140 1335 uetera
1156 1293 1317 1348 templa
1335 1291 1553 1347 respicias,
1576 1291 1648 1332 hic
1669 1291 1744 1332 ille

209 1367 253 1400 15
269 1360 423 1402 colitur
441 1359 637 1416 corniger
664 1363 845 1416 praedo,
886 1362 960 1418 qui
990 1362 1165 1418 Tyriam
1190 1363 1406 1419 uirginem
1433 1365 1609 1419 porta'hs
1638 1363 1744 1404 dum

265 1446 341 1486 per
360 1439 451 1473 tota
470 1432 606 1474 maria
624 1432 799 1474 lasciuit
812 1465 825 1482 ,
857 1433 928 1474 hic
948 1433 1093 1475 amisit
1113 1440 1156 1474 et
1177 1433 1393 1484 substitit,
1424 1441 1468 1475 et
1500 1433 1592 1475 eius
1614 1447 1744 1487 quam

265 1501 427 1544 ferebat
447 1503 605 1545 oblitus
627 1503 769 1544 subito
788 1510 984 1545 nostrum
1005 1503 1110 1545 litus
1132 1498 1384 1546 adamauitss

350 1573 439 1614 Hic
461 1588 560 1614 cum
581 1588 660 1628 ego
679 1573 968 1628 respirassem,
993 1574 1141 1616 statim
1159 1575 1362 1616 Baeticus
1378 1568 1435 1616 ‘o'
1455 1573 1610 1628 inquid
1624 1569 1741 1615 ‘bea-

264 1650 354 1685 tam
375 1643 613 1694 ciuitatem,
638 1658 747 1698 quae
767 1643 815 1684 in
835 1651 878 1686 te
898 1644 1129 1699 fatigatum
1148 1644 1316 1686 incidit.
1342 1659 1470 1699 quem
1490 1645 1544 1685 ad
1564 1645 1742 1685 modum

207 1721 251 1754 20
268 1721 413 1756 tamen
433 1721 475 1756 te
491 1714 763 1770 prosequitur
776 1746 789 1764 ,
821 1721 866 1756 et
894 1715 1000 1769 quid
1026 1715 1098 1756 hic
1118 1715 1287 1770 agitur?
1317 1716 1434 1756 unde
1454 1714 1656 1756 subuenit
1677 1729 1741 1756 re-

263 1784 406 1826 ditus?
427 1798 483 1826 an
502 1791 624 1838 pater
644 1786 696 1826 ab
712 1784 860 1826 Africa
879 1781 1222 1828 subministrat3'
1240 1782 1374 1828 ‘unde
1395 1813 1431 1831 ω,
1451 1799 1739 1840 nequaquam,

264 1869 364 1896 cum
384 1854 466 1896 hac
485 1854 579 1909 ipsa
606 1855 949 1910 peregrinatione
986 1856 1250 1898 offenderim.
1294 1856 1343 1897 in
1371 1855 1514 1898 reditu
1541 1862 1607 1897 est
1632 1855 1743 1898 mihi

261 1925 468 1980 professio
498 1922 771 1968 litterarum-³
789 1923 834 1969 ‘o
854 1942 945 1969 rem
974 1927 1345 1982 indignissimam!
1371 1934 1416 1968 et
1445 1941 1575 1981 quam
1606 1941 1742 1981 aequo

261 1995 344 2037 fers
365 1995 482 2037 istud
502 1996 670 2047 animo,
703 1999 848 2044 sedere
876 1999 923 2040 in
944 1998 1102 2040 scholis
1123 2005 1167 2039 et
1186 1998 1330 2053 pueris
1351 1993 1643 2054 praecipere?³
1687 1998 1743 2039 ad

204 2073 248 2106 25
265 2081 395 2121 quam
414 2066 532 2109 illius
552 2067 933 2123 interrogationem
952 2069 999 2110 in
1019 2070 1138 2111 hunc
1157 2071 1338 2111 modum
1367 2069 1585 2124 respondi.
1633 2065 1740 2110 ‘non

259 2137 390 2179 miror
410 2144 451 2179 te
472 2137 563 2180 eius
583 2152 701 2180 nunc
737 2154 829 2182 esse
863 2140 1153 2195 persuasionis
1183 2155 1269 2195 qua
1298 2147 1342 2182 et
1361 2140 1452 2195 ipse
1474 2154 1641 2194 quoque
1662 2138 1739 2180 ali-

260 2208 454 2262 quandiu
479 2209 688 2250 laboraui.
733 2216 822 2252 toto
844 2211 960 2252 enim
988 2213 1103 2266 quod
1128 2211 1204 2256 ¹hic
1239 2211 1406 2265 egimus
1442 2209 1739 2265 quinquennio

259 2277 322 2322 ita
340 2279 448 2320 mihi
468 2286 711 2333 pertaesum
731 2287 821 2321 erat
841 2280 971 2322 huius
992 2281 1267 2335 professionis
1289 2288 1339 2321 ut
1353 2294 1570 2334 nusquam
1588 2279 1740 2321 uiuere

257 2356 454 2403 putarem
474 2350 692 2392 hominem
713 2350 989 2392 miseriorem.
1053 2358 1118 2392 set
1149 2351 1331 2392 subinde
1359 2349 1611 2392 retractanti
1652 2364 1738 2392 sor·

268 2591 285 2623 7
305 2589 406 2623 tarde
425 2589 664 2636 Schopem'us:
693 2591 833 2626 tardem
850 2591 862 2638 ss
883 2593 924 2627 10
948 2593 1076 2628 Italiae
1100 2592 1318 2628 Ritsohelius
1331 2606 1343 2626 .·
1368 2591 1468 2627 italia
1486 2592 1498 2638 ΙΙ
1519 2594 1558 2627 13
1588 2597 1736 2639 portant

265 2645 506 2681 Bitschelius:
531 2651 653 2693 portat
676 2646 687 2692 ss
713 2647 826 2682 eciam
852 2648 864 2694 ΙΙ
894 2651 935 2683 15
964 2650 1083 2685 tii-iam
1108 2651 1120 2698 ΙΙ
1149 2652 1190 2686 18
1217 2650 1410 2696 beaticusu
1435 2652 1478 2685 20
1503 2661 1525 2684 a
1549 2654 1586 2684 te
1614 2650 1736 2696 agitur

264 2703 482 2738 Ritschclius
500 2705 512 2750 ff!
531 2706 567 2738 21
599 2704 721 2739 affrica
753 2705 764 2750 ΙΙ
790 2705 887 2740 unde
910 2711 952 2741 tu
977 2707 1111 2752 putas?
1149 2718 1171 2742 a
1195 2712 1296 2754 patre
1322 2707 1468 2753 quidem
1491 2718 1731 2753 nequaquam,

265 2771 346 2794 cum
372 2771 455 2794 eum
470 2761 687 2795 Ritschelius
705 2762 716 2807 Η
735 2764 777 2796 22
794 2762 940 2797 redditu
958 2763 970 2809 ss
988 2766 1032 2798 23
1042 2764 1219 2810 professio
1241 2763 1457 2809 Schopenius
1471 2777 1483 2796 :
1507 2762 1688 2808 possessio
1706 2763 1717 2807 ΙΙ

266 2816 309 2848 24
326 2815 425 2851 istud
442 2817 479 2850 in
497 2817 610 2852 codice
627 2822 821 2853 correctum
833 2845 842 2860 ,
862 2831 940 2854 cum
957 2824 1062 2854 antea
1087 2820 1179 2856 illud
1195 2821 1332 2866 fids-set
1348 2820 1360 2866 ΙΙ
1378 2819 1485 2854 scolis
1504 2820 1514 2863 Η
1533 2823 1571 2852 at
1588 2819 1599 2863 ΙΙ
1618 2820 1660 2851 25
1679 2818 1733 2851 in—

265 2873 548 2918 terrogacionem
566 2874 577 2919 ΙΙ
597 2877 638 2910 26
658 2880 692 2909 te
709 2875 780 2909 add
794 2875 1010 2911 Rioechelius
1028 2877 1038 2923 il
1057 2877 1268 2923 aliquandiu
1280 2875 1518 2922 Schopenius:
1536 2874 1731 2919 aliquando

265 2927 329 2962 diu
347 2929 358 2974 ΙΙ
376 2931 418 2963 27
438 2935 515 2965 toto
530 2931 680 2977 serap-si.-
706 2936 825 2966 totum
851 2932 862 2978 ΙΙ
888 2932 947 2967 hic
970 2934 1043 2968 add
1066 2933 1282 2979 Schopem'us
1308 2933 1319 2977 η
1346 2934 1389 2966 28
1415 2931 1467 2966 ita
1489 2931 1731 2967 Riteclcelius:

265 2984 335 3019 isto
352 2985 422 3020 isto
439 2986 451 3031 Η
470 2988 512 3021 29
529 2993 586 3022 set
599 2988 816 3024 Rioechelt’us
827 3003 840 3024 .·
857 2995 895 3024 et
911 2990 923 3035 11
940 2990 1151 3025 retractanti
1167 2988 1408 3024 Bitschelius:
1433 2993 1630 3023 retractant
1646 2989 1658 3034 1}
