2002 3320
154 983 196 1015 10

152 1332 194 1364 15

150 1680 194 1712 20

146 2027 192 2060 25

149 2376 193 2408 30

657 243 854 274 merrom
873 245 908 282 1,
933 239 1076 273 15—-17
1099 211 1299 288 [20-26].
1703 234 1756 274 27

228 344 280 384 de
315 343 439 388 hoste
472 342 601 384 Gallo
635 343 889 385 uindicauit.
931 358 1032 385 cum
1065 351 1219 386 senatu
1253 358 1422 399 quoque
1456 344 1757 387 uehementius

225 427 360 467 aequo
378 413 575 467 bonoque
595 420 806 454 certatum
826 420 917 463 est,
947 415 1052 456 adeo
1093 421 1144 456 ut
1171 414 1331 456 relictis
1361 413 1532 456 sedibus
1562 414 1756 456 solitudi-

222 497 322 525 nem
341 491 384 525 et
402 483 627 524 interitum
645 483 808 538 patriae
828 498 930 526 suae
949 484 1199 527 minaretur.

336 553 483 595 Prima
516 554 727 596 discordia.
760 555 814 596 ob
848 554 1134 609 inpotentiam
1162 556 1465 598 feneratorum.
1519 555 1675 610 quibus
1709 555 1756 597 in
1777 557 1831 597 23

223 632 339 678 terga
357 638 526 680 quoque
548 625 761 666 seruih'ter
789 624 1108 676 saeuientibus,
1140 625 1187 666 in
1219 639 1387 667 sacrum
1415 633 1608 667 montem
1635 626 1756 680 plebs

223 701 385 735 armata
404 695 577 736 secessit
596 709 821 749 aegreque,
843 709 922 736 nec
949 694 1035 736 nisi
1058 694 1252 736 tribunos
1271 695 1556 750 impetrasset,
1579 695 1757 738 Meneni

222 764 461 819 Agrippae,
498 765 672 806 facundi
699 772 744 806 et
773 764 977 819 sapientis
1010 763 1118 814 uiri,
1155 765 1408 807 auctoritate
1444 772 1644 806 reuocata
1673 773 1752 807 est.

223 842 343 875 extat
362 834 565 875 orationis
587 835 787 890 antiquae
807 835 911 877 satis
933 836 1083 876 efficax
1102 836 1156 876 ad
1183 835 1452 877 concordiam
1471 835 1640 885 fabula,
1672 850 1758 890 qua

222 904 447 946 dissedisse
468 906 685 959 quondam
703 905 914 947 humanos
945 904 1056 946 dixit
1086 912 1228 955 artus,
1261 906 1374 959 quod
1403 905 1602 946 omnibus
1631 919 1756 959 opere

222 974 502 1029 fungentibus
522 975 637 1016 solus
658 981 809 1017 uenter
827 974 1018 1016 inmunis
1039 982 1203 1029 ageret;
1237 975 1391 1016 deinde
1409 974 1686 1016 moribundos
1706 990 1757 1017 ea

222 1044 487 1086 seiunctione
519 1043 678 1085 redisse
712 1043 759 1084 in
788 1043 996 1098 gratiam,
1033 1045 1205 1098 quando
1243 1044 1478 1086 sensissent
1516 1046 1632 1100 quod
1661 1045 1754 1088 eius

221 1128 348 1168 opera
366 1113 547 1154 redactis
567 1112 614 1153 in
634 1113 890 1167 sanguinem
909 1113 1014 1155 cibis
1036 1113 1339 1168 inrigarentur.

336 1183 579 1225 Secundam
611 1182 659 1223 in
692 1184 797 1224 urbe
830 1183 974 1224 media
1005 1182 1319 1224 decemuiratus
1362 1183 1496 1227 libido
1530 1185 1749 1226 conflauit.
1775 1186 1828 1226 24

223 1254 374 1295 allatas
404 1268 430 1294 a
456 1252 638 1294 Graecia
670 1253 785 1307 leges
822 1254 970 1295 decem
1003 1253 1218 1308 principes
1252 1253 1354 1296 lecti
1386 1253 1562 1295 iubente
1595 1255 1755 1309 populo

223 1323 576 1377 conscripserant,
599 1322 880 1378 ordinataque
901 1330 991 1364 erat
1022 1323 1070 1365 in
1098 1323 1323 1365 duodecim
1343 1324 1500 1366 tabulis
1522 1331 1613 1365 tota
1632 1324 1754 1366 iusti-

222 1394 299 1443 tia,
323 1408 424 1435 cum
442 1400 587 1434 tamen
607 1393 785 1435 traditos
815 1393 951 1434 fasces
981 1394 1098 1448 regio
1128 1395 1314 1448 quodam
1332 1394 1474 1435 furore
1493 1395 1750 1436 retinebant.

221 1471 320 1505 ante
340 1470 500 1504 ceteros
519 1463 687 1517 Appius
707 1477 757 1504 eo
785 1462 1039 1504 insolentiae
1070 1463 1208 1504 elatus
1239 1470 1304 1504 est
1334 1471 1384 1505 ut
1412 1464 1647 1519 ingenuam
1667 1465 1753 1506 uir-

219 1532 365 1587 ginem
384 1539 532 1586 stupro
553 1532 808 1583 destinaret,
840 1533 999 1574 oblitus
1020 1539 1063 1573 et
1083 1533 1308 1574 Lucretiae
1329 1540 1372 1574 et
1391 1549 1542 1588 regum
1574 1542 1617 1575 et
1645 1535 1752 1576 iuris

220 1603 334 1656 quod
368 1598 458 1656 ipse
493 1610 786 1656 conposuerat.
829 1602 975 1656 itaque
1013 1617 1112 1643 cum
1148 1618 1391 1657 oppressam
1426 1603 1585 1646 iudicio
1618 1604 1755 1646 filiam

222 1672 334 1713 trahi
352 1672 399 1712 in
419 1671 673 1714 seruitutem
691 1672 858 1714 uideret
878 1671 1101 1726 Virginius
1130 1679 1276 1727 pater,
1313 1673 1424 1715 nihil
1454 1682 1679 1716 cunctatus
1707 1675 1754 1715 in

219 1742 360 1783 medio
379 1742 470 1783 foro
484 1756 617 1783 manu
633 1757 711 1783 sua
728 1742 958 1792 interfecit,
981 1742 1246 1797 admotisque
1263 1743 1396 1798 signis
1413 1744 1754 1785 commilitonum

220 1819 355 1853 totam
374 1826 468 1852 eam
488 1812 824 1853 dominationem
843 1813 1058 1854 obsessam
1077 1812 1204 1855 armis
1223 1812 1271 1854 in
1290 1828 1499 1856 carcerem
1519 1821 1562 1855 et
1582 1821 1753 1856 catenas

219 1881 272 1922 ab
291 1881 512 1923 Auentino
531 1889 678 1924 monte
698 1883 897 1924 detraxit.

366 1951 556 1993 Tertiam
593 1951 847 1994 seditionem
885 1952 1091 1995 excitauit
1135 1953 1505 1995 matrimonionun
1543 1954 1747 2010 dignitas,
1771 1955 1826 1995 25

219 2027 268 2062 ut
301 2020 441 2075 plebei
471 2036 571 2063 cum
605 2021 795 2077 patriciis
830 2022 1132 2078 iungerentur;
1163 2023 1251 2078 >qui
1289 2025 1502 2066 tumultus
1533 2024 1580 2065 in
1606 2033 1753 2067 monte

220 2090 416 2132 Ianiculo
445 2092 552 2132 duce
583 2092 792 2135 Canuleio
822 2093 994 2134 tribuno
1024 2092 1161 2147 plebis
1190 2094 1362 2136 exarsit.
1397 2103 1596 2150 quartam
1617 2096 1751 2137 hono·
1778 2098 1833 2138 26

218 2175 314 2202 rum
343 2160 525 2215 cupido,
553 2168 604 2203 ut
623 2162 763 2216 plebei
792 2166 960 2218 quoque
989 2163 1265 2218 magistratus
1287 2172 1546 2206 crearentur.
1590 2165 1750 2206 Fabius

220 2230 456 2271 Ambustus
496 2232 678 2272 duarum
711 2239 831 2286 pater
869 2233 1046 2273 alteram
1098 2230 1290 2287 Sulpicio
1329 2234 1499 2288 patricii
1529 2235 1753 2290 sanguinis

219 2292 408 2349 dederat,
432 2300 608 2341 alteram
637 2302 828 2355 plebeius
859 2302 978 2342 Stolo
1008 2302 1091 2343 sibi
1119 2302 1278 2344 iunxit.
1315 2318 1400 2358 qua
1428 2306 1613 2359 quodam
1641 2303 1748 2346 tem-

220 2382 346 2422 pore,
389 2371 503 2422 quod
539 2370 729 2411 lictoriae
764 2371 911 2425 uirgae
952 2386 1105 2413 sonum
1157 2372 1354 2426 ignotum
1395 2374 1623 2428 penatibus
1663 2374 1752 2416 suis

219 2446 473 2491 expauerat,
507 2453 531 2479 a
551 2454 689 2481 sorore
711 2440 813 2482 satis
842 2441 1075 2482 insolenter
1102 2441 1259 2492 inrisa,
1291 2443 1493 2485 iniuriam
1523 2460 1610 2486 non
1633 2445 1747 2487 tulit.

221 2653 240 2684 4
258 2650 460 2698 inpotentia
472 2661 499 2689 Β
516 2654 527 2700 ΙΙ
547 2657 566 2688 5
584 2653 685 2700 pleps
700 2662 734 2689 N
748 2655 758 2701 ἢ
777 2658 797 2690 6
814 2650 1002 2704 mffiasset
1016 2666 1050 2692 N
1063 2658 1075 2704 ΙΙ
1092 2657 1256 2693 maeneni
1273 2658 1332 2704 Nss
1351 2661 1369 2693 7
1388 2658 1544 2694 facunda
1558 2668 1583 2694 Β
1601 2660 1612 2705 ΙΙ
1631 2661 1650 2694 8
1669 2671 1751 2695 con-

220 2708 447 2743 concordiam
462 2717 495 2743 N
510 2709 521 2755 ΙΙ
539 2711 559 2744 9
572 2709 763 2746 dissedisse
779 2712 874 2748 inter
890 2726 928 2749 se
945 2714 1168 2761 quondamN
1181 2714 1192 2760 ΙΙ
1214 2716 1255 2749 10
1265 2714 1475 2751 immunisN
1490 2717 1501 2762 ΙΙ
1522 2719 1557 2750 11
1580 2728 1601 2750 a
1614 2717 1754 2750 seiunc-

217 2763 315 2799 tione
325 2773 358 2799 N
371 2765 382 2811 ΙΙ
404 2767 443 2800 17
455 2766 580 2812 appios
590 2767 610 2800 b
628 2766 639 2813 {1
657 2767 772 2803 elatus
785 2790 819 2796 —
843 2769 1078 2806 lucretiaeom
1089 2770 1127 2805 in
1139 2782 1242 2816 mary
1253 2771 1324 2806 add
1330 2780 1356 2806 Β
1373 2773 1384 2818 ΙΙ
1406 2774 1446 2806 18
1457 2773 1579 2807 οΙίιῦΒ
1597 2772 1608 2815 ΙΙ
1626 2783 1755 2816 regum

222 2819 295 2854 bN:
313 2821 469 2867 legumB
485 2822 498 2868 ΙΙ
519 2825 559 2857 19
577 2835 803 2870 oppraessam
820 2826 950 2862 iuditio
965 2828 1210 2863 filiamirahiN
1224 2828 1236 2874 ΙΙ
1254 2830 1293 2863 21
1314 2827 1483 2863 interficit
1497 2836 1523 2862 Β
1540 2828 1551 2872 ΙΙ
1570 2830 1612 2861 25
1630 2827 1753 2872 plebes

218 2883 251 2909 N
272 2875 283 2920 ΙΙ
301 2878 346 2912 26
361 2879 522 2913 canoleio
539 2880 559 2913 b
576 2880 589 2926 ΙΙ
606 2880 728 2926 plebes
751 2883 810 2927 ΝΗ
827 2884 872 2917 29
887 2883 1028 2929 plebeio
1045 2885 1138 2919 stolo
1156 2885 1311 2930 quodam
1328 2890 1488 2929 tempore
1504 2891 1535 2917 N
1561 2883 1572 2927 ΙΙ
1601 2894 1672 2928 qua
1687 2883 1758 2917 add

220 2931 412 2967 Halmius:
430 2946 485 2969 om
500 2943 557 2970 ΒΝ
571 2936 583 2982 ΙΙ
602 2939 645 2972 30
663 2938 813 2974 uictorie
829 2947 854 2974 Β
871 2939 883 2986 ΙΙ
901 2952 1065 2976 somnum
1082 2949 1115 2975 N
1128 2941 1140 2985 ΙΙ
1159 2943 1196 2975 31
1219 2941 1384 2975 iniuriam
1402 2951 1457 2973 om
1473 2947 1498 2973 Β
1516 2939 1527 2978 ΙΙ
