2002 3320
598 230 795 288 m’rromi
815 259 869 296 11,
895 253 951 286 13.
979 254 1020 286 14
1045 246 1153 302 [1111‚
1176 253 1212 285 2.
1237 245 1293 301 3].
1637 247 1717 286 105

174 365 430 402 manauerat
448 357 535 399 late
554 357 815 407 coniuratio,
849 358 1021 399 libellus
1049 357 1181 399 etiam
1210 356 1384 398 Caesari
1411 357 1536 397 datus
1567 357 1716 397 eodem

176 430 270 479 (lie,
306 442 387 470 nec
404 427 603 482 perlitare
631 427 1022 469 centum-uictimis
1051 434 1264 482 potuerat.
1312 425 1435 467 uenit
1470 426 1515 466 in
1551 426 1716 467 curiam

176 506 321 540 tamen
340 496 656 551 expeditionem
677 497 922 539 Parthicam
937 498 1163 539 meditans.
1188 497 1249 538 ibi
1268 496 1315 536 in
1331 495 1470 536 curuli
1491 497 1710 537 sedentem

177 582 275 609 eum
294 574 467 608 senatus
489 566 674 616 inuasit,
710 567 930 622 tribusque
960 573 1004 608 et
1031 566 1191 621 uiginti
1211 565 1458 607 uolneribus
1479 567 1534 606 ad
1555 572 1711 606 terram

123 646 144 678 5
173 638 298 678 datus
319 643 397 678 est.
431 636 492 677 sic
521 636 619 686 ille,
643 637 716 690 qui
738 644 946 679 terrarum
965 638 1110 678 orbem
1129 635 1250 677 ciuili
1270 635 1481 690 sanguine
1502 635 1710 690 impleue-

174 714 263 757 rat,
286 708 461 748 tandem
480 706 571 761 ipse
591 706 801 762 sanguine
822 721 899 748 suo
919 706 1082 761 curiam
1101 705 1314 761 impleuit.

411 886 576 928 XIIII.
609 886 721 928 RES
744 886 855 929 SVB
878 885 1149 928 CAESARE
1167 885 1468 928 AVGVSTO.

177 1034 370 1088 Populus
389 1036 612 1077 Romanus
633 1037 813 1078 Caesare
833 1043 877 1077 et
896 1035 1101 1090 Pompeio
1131 1035 1353 1077 trucidatis
1372 1035 1530 1076 redisse
1557 1035 1605 1075 in
1625 1042 1709 1076 sta-

174 1110 268 1144 tum
286 1104 519 1158 pristinum
547 1105 756 1159 libertatis
783 1106 1023 1147 uidebatur.
1057 1112 1100 1146 et
1127 1105 1333 1154 redierat,
1363 1105 1448 1146 nisi
1478 1111 1553 1146 aut
1584 1106 1710 1145 Pom-

106 1181 149 1213 10
175 1173 297 1228 peius
317 1173 471 1215 liberos
493 1181 568 1215 aut
590 1175 747 1216 Caesar
765 1175 965 1216 heredem
985 1175 1253 1229 reliquisset,
1280 1175 1376 1224 uel,
1399 1175 1515 1228 quod
1530 1181 1710 1227 utroque

172 1243 452 1298 perniciosius
471 1244 580 1293 fuit,
604 1243 641 1285 si
660 1258 750 1285 non
771 1245 934 1299 collega
953 1246 1195 1299 quondam,
1217 1259 1319 1285 mox
1339 1244 1532 1285 aemulus
1554 1245 1710 1285 Caesa-

173 1312 318 1354 rianae
336 1313 577 1367 potentiae,
600 1314 674 1354 fax
693 1321 736 1354 et
757 1314 882 1354 turbo
902 1314 1118 1368 sequentis
1140 1313 1298 1355 saeculi
1319 1313 1598 1368 superfuisset
1618 1314 1709 1354 An-

174 1382 334 1423 tonius.
383 1383 542 1437 quippe
581 1384 685 1423 dum
713 1383 870 1424 Sextus
899 1390 1077 1437 paterna
1104 1382 1283 1437 repetit,
1321 1383 1583 1437 trepidatum
1618 1390 1709 1424 toto

173 1451 304 1500 mari3
337 1453 442 1492 dum
461 1451 672 1492 Octauius
692 1459 872 1493 mortem
891 1452 1024 1507 patris
1044 1451 1290 1500 ulciscitur,
1321 1451 1479 1493 iterum
1507 1453 1591 1493 fuit
1619 1467 1709 1493 mo-

104 1529 147 1560 15
174 1521 315 1561 uenda
335 1521 580 1570 Thessalia3
613 1523 718 1562 dum
743 1521 960 1563 Antonius
987 1521 1108 1562 uario
1137 1521 1311 1576 ingenio
1331 1528 1406 1563 aut
1426 1535 1711 1563 successorem

174 1590 367 1631 Caesaris
388 1590 638 1645 indignatur
657 1590 890 1632 Octauium
909 1598 984 1632 aut
1014 1605 1154 1632 amore
1174 1591 1424 1645 Cleopatrae
1445 1591 1643 1632 desciscit
1662 1590 1710 1631 in

172 1659 366 1713 reginam
382 1687 418 1705 0.
434 1660 556 1701 aliter
571 1660 716 1701 saluus
733 1674 823 1701 esse
838 1674 927 1701 non
945 1660 1102 1715 potuit,
1121 1660 1207 1701 nisi
1225 1661 1487 1714 confugisset
1503 1662 1558 1702 ad
1577 1661 1710 1702 serui-

172 1736 324 1770 tutem.
358 1730 664 1783 gratulandum
686 1736 829 1770 tamen
849 1737 900 1770 ut
919 1730 966 1770 in
987 1737 1108 1770 tanta
1126 1730 1446 1784 perturbatione
1467 1737 1556 1780 est,
1595 1732 1709 1784 quod

177 1798 449 1852 potissimum
489 1800 543 1840 ad
581 1799 814 1840 Octauium
834 1800 1066 1853 'Caesarem
1094 1801 1343 1854 Augustum
1371 1815 1539 1841 summa
1566 1815 1710 1841 rerum

102 1875 146 1907 20
173 1867 322 1917 rediit,
360 1869 434 1922 qui
462 1868 671 1922 sapientia
703 1884 782 1910 sua
802 1871 939 1923 adque
959 1868 1148 1910 sollertia
1166 1870 1412 1923 perculsum
1440 1870 1630 1924 undique
1660 1885 1709 1911 ac

173 1938 470 1991 perturbatum
498 1938 715 1979 ordinauit
742 1938 908 1993 imperii
937 1953 1115 1992 corpus,
1152 1931 1266 1992 quod
1293 1939 1401 1979 haut
1432 1940 1561 1980 dubie
1583 1955 1708 1980 num-

174 2022 304 2062 quam
333 2008 444 2049 coire
474 2014 518 2048 et
545 2008 783 2049 consentire
817 2009 1050 2063 potuisset,
1087 2007 1173 2049 nisi
1202 2008 1332 2049 unius
1359 2009 1566 2063 praesidis
1596 2016 1709 2050 nutu

174 2076 296 2130 quasi
316 2077 460 2119 anima
485 2084 529 2118 et
555 2084 699 2118 mente
726 2084 955 2132 regeretur.
999 2079 1145 2118 Marco
1172 2077 1364 2119 Antonio
1394 2079 1549 2119 Publio
1578 2079 1707 2118 Dola-

171 2146 285 2187 bella
304 2147 552 2188 consulibus
579 2146 807 2200 imperium
834 2148 1078 2189 Romanum
1104 2147 1191 2188 iam
1211 2148 1265 2187 ad
1285 2148 1509 2187 Caesarem
1531 2148 1707 2188 transfe-

103 2221 147 2253 25
173 2221 293 2255 rente
313 2215 487 2256 fortuna
505 2215 649 2256 uarius
670 2222 713 2255 et
732 2216 960 2269 multiplex
979 2215 1167 2255 ciuitatis
1196 2222 1337 2256 motus
1367 2215 1464 2256 fuit.
1509 2217 1708 2270 quodque

174 2282 221 2322 in
237 2297 383 2324 annua
402 2283 509 2324 caeli
529 2283 805 2324 conuersione
823 2284 915 2324 fieri
938 2284 1069 2333 solet,
1109 2290 1159 2324 ut
1177 2291 1294 2324 mota
1322 2284 1460 2325 sidera
1488 2291 1639 2325 tonent
1660 2300 1708 2326 ac

176 2365 274 2392 suos
295 2352 432 2392 flexus
454 2358 704 2405 tempestate
725 2352 991 2406 significent,
1016 2353 1075 2394 sic
1097 2360 1191 2394 tum
1211 2354 1432 2394 Romanae
1454 2353 1707 2395 dominatio-

177 2420 244 2461 nis
264 2420 309 2461 id
330 2427 393 2461 est
412 2420 591 2461 humani
618 2422 784 2475 generis
815 2422 1091 2464 conuersione
1120 2422 1292 2476 penitus
1320 2422 1543 2464 intremuit
1573 2423 1707 2464 omni-

177 2643 197 2675 3
215 2642 349 2676 curulis
363 2650 397 2676 N
411 2643 422 2687 11
440 2643 459 2675 4
478 2642 689 2678 uulneribus
704 2652 730 2678 Β
747 2644 758 2690 ΙΙ
776 2648 814 2679 at
837 2652 863 2679 Β
880 2645 891 2690 ΙΙ
910 2647 930 2679 5
947 2645 1001 2680 illi
1015 2653 1050 2679 N
1063 2645 1074 2691 ΙΙ
1093 2648 1111 2679 7
1138 2654 1281 2680 cusan
1303 2654 1487 2681 Avovs‘rvs
1502 2654 1536 2680 N
1551 2647 1561 2691 ΙΙ
1580 2650 1600 2679 9
1618 2647 1707 2691 pris-

177 2696 273 2731 tinae
288 2705 320 2731 N
336 2697 348 2743 ll
365 2698 412 2731 ad
427 2699 570 2743 pompei
585 2707 611 2733 B
628 2700 639 2744 ΙΙ
662 2701 697 2733 11
719 2710 948 2735 caesareanae
973 2701 1172 2746 potentiam
1195 2709 1220 2735 Β
1237 2701 1248 2746 ΙΙ
1269 2704 1310 2735 15
1335 2702 1458 2736 uarius
1473 2710 1506 2735 Ν
1521 2702 1532 2745 Η
1555 2703 1594 2734 16
1610 2712 1706 2734 amo-

177 2762 252 2786 rem
267 2761 300 2786 N
314 2753 326 2799 ΙΙ
346 2755 386 2786 17
403 2753 565 2798 reginam
581 2755 729 2800 scripsi:
755 2767 876 2801 regem
901 2767 984 2790 nam
999 2756 1083 2802 ΒΝΙΙ
1101 2757 1263 2791 lacunam
1282 2756 1372 2790 uidit
1386 2756 1556 2790 Halmius
1575 2756 1585 2799 ῇΙ
1609 2757 1647 2788 18
1666 2759 1707 2788 ut

179 2818 235 2839 om
250 2815 282 2840 N
297 2807 308 2853 [Ι
329 2810 369 2843 19
385 2809 649 2854 potissimmum
664 2819 690 2844 Β
708 2811 719 2857 ss
738 2814 780 2846 20
796 2812 891 2846 redit
905 2820 931 2846 Β
948 2812 960 2858 ss
978 2812 1124 2846 solertia
1147 2820 1181 2846 N
1203 2812 1214 2858 ΙΙ
1243 2812 1308 2845 hac
1331 2819 1356 2844 Β
1385 2811 1395 2855 ΙΙ
1423 2812 1462 2843 21
1493 2810 1591 2854 quod
1616 2809 1708 2843 itaut

178 2861 287 2896 dubie
310 2864 369 2909 ΝΙ]
387 2867 428 2898 23
452 2870 608 2900 mentem
633 2874 660 2900 Β
676 2866 688 2911 [Ι
707 2869 749 2902 24
782 2878 940 2902 caesares
963 2875 998 2902 Ν
1010 2868 1022 2913 ΙΙ
1039 2868 1312 2902 transferentem
1335 2874 1361 2899 Β
1378 2865 1389 2909 ss
1408 2867 1450 2898 25
1467 2864 1575 2898 motis
1590 2872 1616 2899 Β
1633 2865 1645 2909 ΙΙ
1663 2866 1706 2899 26

177 2919 446 2954 conuersatione
469 2929 494 2954 Β
512 2921 523 2966 ΙΙ
541 2923 583 2955 27
602 2933 682 2956 cum
698 2922 758 2968 Νη
775 2925 818 2957 28
836 2923 991 2957 humane
1017 2923 1037 2956 b
1055 2923 1066 2968 Ι]
1085 2922 1356 2956 conuersatione
1371 2928 1396 2954 Β
1413 2921 1425 2965 [1

1731 1048 1823 1084 1111,
1843 1035 1868 1075 3
