2002 3320
845 213 1110 244 rma-rio.
1469 207 1475 211 '
1613 207 1769 245 XLVII

207 331 335 359 nemo
381 329 512 359 sanus
561 314 748 370 cogitare
782 314 939 369 possit,
977 314 1165 370 ingenue
1206 314 1499 369 profitendum
1542 322 1607 357 est
1655 316 1769 360 nihil

207 403 285 430 nos
305 389 359 430 de
379 386 493 429 Iulio
514 386 640 428 Floro
661 384 767 427 scire
776 416 790 435 ‚
823 384 909 427 nisi
937 386 1018 427 sub
1037 383 1264 426 Hadriano
1293 399 1394 426 eum
1419 384 1636 440 epitomen
1655 387 1768 430 hanc

207 457 438 513 scripsisse.
498 470 601 497 nam
640 470 691 497 ea
729 470 832 497 sane
857 462 922 497 est
949 455 1107 498 codicis
1138 461 1176 496 B
1207 455 1465 506 auctoritas,
1515 463 1566 498 ut
1603 457 1769 500 Iulium

206 529 348 584 potius
369 542 499 582 quam
518 529 750 568 Annaeum
769 511 943 568 Illorum
964 541 1173 568 nocemus
1190 541 1200 568 ι
1220 527 1301 581 *sed
1321 525 1358 567 si
1378 525 1473 580 quis
1495 535 1672 581 quaerat
1692 528 1766 583 qui

209 600 380 641 tandem
407 598 572 639 factum
598 597 677 656 sit,
707 604 757 638 ut
787 611 865 651 pro
893 597 1008 639 Iulio
1041 596 1288 652 suppositus
1318 595 1375 638 sit
1405 610 1431 637 a
1459 596 1645 643 librariis
1675 603 1766 644 An-

206 684 362 718 naeus,
385 668 498 710 nihil
518 668 656 710 habeo
676 669 791 708 unde
811 682 877 709 res
899 675 988 709 tam
1009 667 1238 722 singularis
1259 666 1465 721 explicari
1482 667 1632 721 possit.

319 741 385 781 De
407 739 611 794 scriptoie
632 738 736 792 quid
756 753 811 779 ex
840 738 948 780 libro
970 739 1062 780 eius
1091 738 1373 780 iudicandum
1402 737 1459 779 sit
1484 739 1649 780 nemini
1679 740 1766 783 iam

205 809 385 851 dubium
420 816 499 851 est.
546 824 646 850 eum
679 823 768 850 non
803 808 1057 850 historicum
1092 823 1202 859 esse,
1240 810 1316 850 sed
1349 809 1564 850 rhetorem
1598 811 1765 853 dudum

205 880 503 923 dissertatione
533 881 719 934 quadam
747 880 975 934 probatum
1004 879 1085 921 iuit
1117 880 1302 921 Ioannes
1330 879 1520 921 Michael
1550 880 1764 925 Heinzius

206 950 467 1005 syntagmati
488 950 791 1005 opusculorum
811 965 840 1004 p
861 955 942 991 260
964 949 1138 992 inserta.
1172 965 1239 991 res
1267 951 1321 991 ab
1351 950 1448 992 aliis
1478 951 1656 995 traditas
1675 969 1766 997 non

207 1022 260 1062 ab
280 1021 373 1075 ipso
402 1020 683 1074 inuestigatas
713 1021 831 1062 haud
857 1035 951 1061 raro
978 1027 1147 1061 summa
1186 1020 1462 1075 neglegentia
1498 1024 1764 1079 transcripsit

205 1091 264 1132 ita
286 1090 512 1145 dispositas
534 1097 583 1131 ut
603 1105 690 1131 non
711 1090 960 1132 historicam
988 1092 1134 1141 fidem,
1169 1091 1244 1132 sed
1263 1105 1360 1132 eam
1379 1091 1614 1147 imaginem
1633 1096 1765 1150 respi-

205 1169 341 1210 ceret,
379 1175 508 1215 quam
538 1160 622 1202 sibi
641 1161 943 1203 illustrandam
968 1160 1215 1216 proposuit,
1253 1176 1308 1203 ne
1337 1162 1452 1204 hanc
1479 1163 1678 1217 quidem,
1715 1174 1765 1209 ut

206 1231 394 1273 uidimus
407 1263 420 1281 ,
451 1232 504 1272 ab
516 1231 617 1286 ipso
637 1231 877 1273 inuentam.
918 1231 1174 1274 rhetoricam
1194 1246 1296 1274 uero
1316 1232 1587 1288 disciplinam
1608 1235 1654 1276 in
1677 1243 1766 1278 toto

205 1302 409 1351 consilio,
441 1301 487 1342 in
516 1316 658 1343 rerum
684 1301 856 1352 ordine,
887 1302 934 1344 in
965 1302 1147 1357 singulis
1179 1317 1287 1358 quae
1315 1303 1387 1344 uel
1415 1307 1766 1349 commemorauit

206 1373 278 1414 uel
299 1372 443 1414 omisit
466 1372 627 1427 ubique
648 1387 876 1427 agnoscere
896 1373 1012 1414 licet.
1045 1373 1134 1423 ita,
1164 1380 1216 1415 ut
1235 1373 1317 1415 hoc
1337 1380 1459 1425 utar,
1492 1375 1569 1417 ubi
1587 1377 1766 1420 Asinius

208 1443 330 1485 Polio
375 1444 597 1484 Delmatas
635 1443 790 1484 uicisse
830 1451 1026 1485 narratur
1063 1443 1183 1484 addit
1221 1443 1291 1484 hic
1329 1446 1539 1488 secundus
1569 1454 1716 1489 orator
1735 1463 1763 1503 p

213 1517 314 1563 116,
358 1518 433 1562 113
476 1528 586 1568 quae
620 1513 751 1554 multi
795 1514 1074 1568 suppositicia
1114 1513 1401 1556 crediderunt.
1452 1530 1606 1557 uerum
1654 1518 1766 1559 uidit

210 1584 553 1634 Freinshemius,
597 1599 697 1625 cum
726 1586 963 1626 secundum
992 1599 1018 1625 a
1054 1584 1258 1626 Cicerone
1289 1592 1499 1627 oratorem
1534 1586 1767 1642 significari

207 1654 410 1696 Asinium
440 1654 734 1710 intellegeret,
776 1654 822 1696 id
851 1656 963 1709 quod
996 1656 1199 1696 adnotare
1226 1654 1345 1697 haud
1373 1670 1427 1697 ex
1456 1671 1501 1698 re
1528 1657 1673 1699 uisum
1702 1658 1782 1701 est'

207 1725 380 1767 rhetori.
434 1725 620 1780 denique
648 1732 765 1767 totus
792 1740 931 1767 sermo
966 1725 1295 1767 declamatorem
1327 1727 1470 1781 arguit
1500 1734 1543 1768 et
1572 1728 1765 1771 cuiusuis

208 1796 376 1850 generis
396 1796 588 1837 artificiis
603 1828 616 1846 ,
648 1796 798 1850 figuris
829 1795 1053 1837 sententiis
1082 1796 1195 1837 male
1215 1796 1470 1839 acuminatis
1490 1798 1552 1839 ita
1586 1799 1766 1841 refertus

209 1873 274 1907 est
303 1872 355 1907 ut
383 1879 544 1920 pauper
574 1866 790 1920 scriptoris
819 1865 1044 1920 ingenium
1075 1873 1118 1907 et
1157 1866 1367 1908 iudicium
1394 1868 1508 1909 male
1536 1869 1768 1911 formatum

210 1935 428 1978 neminem
447 1937 580 1978 latere
600 1937 749 1991 possit.
793 1938 868 1978 sed
894 1938 947 1978 de
977 1936 1058 1977 hac
1078 1952 1122 1978 re
1142 1944 1240 1992 post
1260 1937 1439 1980 Graeuii
1458 1940 1768 1993 praefationem

210 2014 323 2049 recte
353 2008 406 2048 ab
442 2008 640 2050 Ernestio
674 2007 854 2049 maximi
889 2007 1160 2048 aestimatam
1186 2008 1383 2062 pluribus
1418 2009 1621 2052 disserere
1655 2011 1767 2052 nihil

210 2077 380 2119 attinet.
413 2077 560 2132 paucis
582 2085 751 2119 tantum
771 2079 1033 2128 admonebo,
1057 2079 1110 2119 de
1131 2093 1215 2133 quo
1234 2093 1334 2133 prae
1355 2080 1506 2121 ceteris
1527 2081 1767 2123 Meinertus

209 2147 320 2189 dixit
334 2180 348 2198 ,
397 2150 621 2190 Lucanum
651 2164 677 2190 a
708 2149 834 2190 Floro
865 2148 1055 2190 studiose
1098 2149 1259 2190 lectum
1287 2165 1428 2204 neque
1458 2158 1574 2192 recto
1602 2166 1769 2206 semper

209 2218 368 2260 iudicio
397 2219 639 2261 adhibitum
678 2219 824 2260 fuisse.
877 2218 940 2259 ita
967 2220 1082 2273 quod
1110 2234 1139 2273 p
1169 2223 1220 2259 97
1235 2251 1248 2269 ,
1283 2224 1334 2260 25
1365 2220 1535 2274 scripsit
1559 2217 1691 2262 ‘rates
1712 2246 1767 2253 —

210 2302 322 2330 noua
342 2290 699 2343 Pompeianorum
719 2294 813 2330 arte
837 2288 1019 2330 Cilicum
1040 2289 1147 2330 actis
1168 2289 1244 2330 sub
1272 2290 1388 2331 mari
1404 2290 1592 2346 funibus
1619 2296 1769 2345 captae

211 2358 342 2413 quasi
356 2373 441 2412 per
471 2354 747 2414 indaqz'nem',
771 2357 870 2413 quis
890 2373 979 2399 non
1001 2358 1122 2400 uidet
1142 2361 1282 2400 efficta
1302 2374 1393 2401 esse
1414 2374 1467 2401 ex
1488 2361 1653 2402 Lucani
1674 2376 1766 2402 uer-

212 2429 329 2469 sibus
353 2428 468 2478 IIII,
494 2433 573 2468 449

433 2506 477 2540 at
499 2499 787 2554 Pompeianus
807 2500 976 2541 fraudes
996 2499 1213 2542 innectere
1232 2508 1365 2555 ponto

433 2570 610 2625 antiqua
630 2578 752 2624 parat
772 2577 861 2611 arte
883 2570 1014 2621 Cilix,
1039 2585 1274 2626 passusque
1295 2586 1447 2613 uacare

437 2656 605 2682 summa
624 2641 722 2682 freti
742 2641 884 2682 medio
905 2641 1129 2695 suspendit
1149 2642 1325 2684 uincula
1343 2650 1476 2697 ponto

432 2719 476 2752 et
496 2712 615 2753 laxas
636 2711 806 2752 fluitare
827 2711 930 2752 sinit
948 2711 1185 2767 religatque
1205 2720 1377 2755 catenas

432 2782 551 2836 rupis
572 2783 625 2823 ab
648 2781 820 2836 Illyriae
842 2782 1042 2836 scopulis.
1076 2797 1156 2824 nec
1177 2784 1316 2838 prima
1335 2798 1414 2824 nec
1435 2783 1510 2824 illa

431 2867 540 2906 quae
560 2853 752 2907 sequitur
772 2853 939 2894 tardata
957 2854 1084 2905 ratis,
1115 2856 1190 2896 sed
1210 2854 1336 2895 tertia
1356 2853 1490 2894 moles

434 2922 571 2964 haesit
591 2930 634 2964 et
655 2924 713 2964 ad
730 2931 876 2965 cautes
896 2925 1082 2966 adducto
1101 2924 1204 2965 fune
1225 2931 1370 2966 secut-a
1390 2931 1470 2964 est.
