2002 3320
269 256 292 294 7
298 255 323 293 2
915 269 1007 297 ivm
1028 269 1159 297 nom

269 365 382 407 illius
402 379 549 420 pugna
567 365 806 407 iustissimis
827 366 998 420 quidem
1017 382 1071 408 ex
1091 367 1242 409 causis.
1276 367 1451 409 Haedui
1470 369 1522 408 de
1542 367 1790 409 incursioni-

270 436 350 476 bus
371 449 514 475 eorum
543 436 837 489 querebantur.
880 450 987 490 quae
1007 442 1095 476 erat
1114 435 1318 477 Ariouisti
1337 437 1445 491 regis
1466 438 1680 492 superbia!
1722 437 1792 478 cui

272 519 370 545 cum
380 503 510 558 legati
521 503 706 545 dicerent
721 500 841 545 ‘ueni
851 506 905 545 ad
915 506 1139 547 Caesarem
1149 499 1177 553 3³
1199 512 1242 546 et
1257 501 1368 559 ‘quis
1389 513 1452 548 est
1463 508 1618 549 Caesar
1627 502 1655 548 3’
1679 514 1721 548 et
1736 503 1792 548 ‘si

271 575 381 624 uult,
403 568 561 614 ueniat'
590 573 751 627 inquit,
775 580 818 614 et
832 569 954 628 ‘quid
974 575 1027 614 ad
1046 574 1191 623 illum,
1214 575 1316 628 quid
1336 581 1434 629 agat
1451 583 1596 618 nostra
1614 578 1791 619 Germa-

272 643 369 684 nia?
405 658 511 684 num
545 658 623 697 ego
655 658 723 684 me
757 643 980 697 interpono
1014 638 1270 684 Romanis?³
1300 643 1442 698 itaque
1476 652 1619 688 tantus
1653 647 1792 701 gentis

272 728 408 754 nouae
429 719 559 754 terror
577 713 623 752 in
651 713 795 754 castris
826 719 875 753 ut
904 719 1156 754 testamenta
1174 712 1333 767 passim
1361 713 1489 754 etiam
1508 715 1554 756 in
1572 715 1792 771 principiis

273 783 565 825 scriberentur.
613 784 686 823 sed
720 783 794 823 illa
828 783 1032 823 immania
1065 797 1237 836 corpora
1266 797 1348 837 quo
1373 783 1533 824 maiora
1561 793 1706 835 erant,
1742 800 1792 826 eo

272 853 407 907 magis
427 851 579 907 gladiis
599 852 788 906 ferroque
808 859 1050 907 patuerunt.
1075 852 1148 906 qui
1164 853 1276 894 calor
1290 852 1336 892 in
1351 852 1595 906 proeliando
1609 854 1795 896 militum

271 922 413 971 fuerit,
435 922 554 962 nullo
573 921 709 976 magis
729 922 909 976 exprimi
928 928 1067 976 potest
1086 936 1214 976 quam
1233 923 1361 976 quod,
1385 922 1506 964 elatis
1526 937 1650 977 super
1669 930 1796 978 caput

273 993 401 1034 scutis
423 1006 520 1033 cum
550 1006 593 1032 se
628 991 840 1032 testudine
873 992 1075 1032 barbarus
1111 998 1292 1046 tegeret,
1331 1006 1455 1046 super
1488 992 1580 1046 ipsa
1608 994 1794 1034 Romani

272 1069 391 1103 scuta
411 1062 637 1111 salierunt,
670 1067 712 1102 et
741 1061 840 1102 inde
860 1061 906 1101 in
932 1061 1099 1115 iugulos
1127 1061 1259 1116 gladii
1285 1062 1609 1103 descendebant.
1641 1063 1796 1104 iterum

273 1133 324 1173 de
346 1132 560 1173 Germano
590 1130 787 1171 Tencteri
816 1131 1110 1184 querebantur.
1157 1131 1227 1171 hic
1258 1122 1357 1171 uero
1387 1131 1472 1172 iam
1502 1132 1657 1172 Caesar
1683 1131 1795 1172 ultro

274 1202 499 1243 Mosellam
517 1199 662 1240 nauali
682 1206 810 1253 ponte
832 1200 1135 1255 transgreditur
1153 1199 1376 1254 ipsumque
1401 1201 1604 1242 Rhenum
1624 1207 1666 1242 et
1685 1202 1795 1242 Her-

273 1270 406 1326 cyniis
427 1271 594 1327 hostem
614 1270 777 1324 quaerit
805 1269 852 1310 in
881 1270 1024 1320 siluis3
1060 1272 1134 1311 sed
1161 1270 1208 1310 in
1238 1270 1368 1311 saltus
1399 1285 1446 1311 ac
1480 1271 1657 1325 paludes
1691 1285 1795 1325 gens

273 1340 409 1381 omnis
446 1340 682 1394 diffugerat.
729 1346 898 1380 tantum
931 1340 1100 1393 pauoris
1135 1340 1313 1381 incussit
1346 1340 1458 1380 intra
1490 1340 1627 1394 ripam
1655 1341 1795 1382 subita

271 1411 468 1451 Romana
486 1409 567 1450 uis.
614 1423 694 1449 nec
715 1409 843 1450 semel
864 1410 1068 1458 Rhenus,
1106 1415 1168 1449 set
1187 1409 1341 1450 iterum
1361 1423 1540 1462 quoque,
1563 1416 1606 1449 et
1625 1409 1797 1462 quidem

271 1486 400 1534 ponte
435 1478 546 1519 facto
573 1484 824 1532 penetratus*
845 1484 922 1519 est.
963 1478 1096 1519 maior
1123 1478 1339 1532 aliquanto
1369 1478 1608 1533 trepidatio.
1641 1477 1797 1532 quippe

272 1564 370 1590 cum
389 1549 593 1590 Rhenum
613 1546 737 1588 suum
757 1548 818 1588 sic
836 1554 965 1602 ponte
985 1547 1105 1601 quasi
1124 1547 1224 1601 iugo
1244 1554 1415 1602 captum
1444 1548 1663 1598 uiderent,
1695 1549 1797 1603 fuga

271 1634 413 1660 rursus
434 1618 480 1658 in
501 1618 629 1659 siluas
651 1624 693 1658 et
712 1618 888 1671 paludes
902 1649 916 1667 ,
954 1623 1012 1667 et,
1036 1618 1148 1671 quod
1169 1617 1484 1658 acerbissimum
1505 1617 1676 1659 Caesari
1694 1617 1793 1668 fuit,

272 1704 360 1730 non
380 1689 511 1737 fuere,
535 1687 607 1741 qui
627 1687 912 1727 uincerentur.

383 1757 594 1798 Omnibus
631 1763 741 1797 terra
773 1756 963 1811 marique
997 1756 1227 1811 peragratis
1261 1756 1445 1811 respexit
1479 1757 1699 1798 Oceanum
1734 1764 1793 1807 et,

271 1827 391 1883 quasi
410 1827 480 1867 hic
500 1826 708 1868 Romanis
730 1826 840 1867 orbis
860 1841 947 1867 non
967 1827 1189 1876 sufficeret,
1213 1826 1391 1867 alterum
1412 1827 1629 1881 cogitauit.
1663 1826 1796 1867 classe

270 1898 400 1951 igitur
420 1903 647 1950 conparata
666 1896 936 1937 Britanniam
956 1895 1108 1936 transit
1135 1896 1242 1937 mira
1271 1896 1483 1938 celeritate
1494 1913 1507 1946 3
1546 1896 1702 1951 quippe
1722 1895 1797 1950 qui

272 1967 396 2008 tertia
411 1966 668 2020 uigiliacum
679 1966 944 2007 Morinorum
960 1965 1154 2007 soluisset
1170 1981 1194 2006 a
1208 1972 1348 2020 portu,
1370 1966 1512 2007 minus
1524 1964 1651 2020 quam
1658 1965 1799 2006 medio

273 2037 341 2078 die
362 2037 547 2077 insulam
568 2035 780 2089 ingressus
802 2041 879 2076 est.
912 2036 1040 2089 plena
1066 2041 1186 2075 erant
1206 2035 1394 2075 tumultu
1413 2035 1575 2076 hostica
1594 2035 1734 2085 litora,
1753 2042 1796 2076 et

271 2106 528 2160 trepidantia
548 2106 601 2146 ad
622 2111 894 2159 conspectum
913 2104 974 2144 rei
993 2118 1130 2144 nouae
1149 2110 1348 2158 carpenta
1367 2103 1619 2148 uolitabant.
1652 2104 1796 2158 itaque

272 2175 496 2229 trepidatio
515 2189 591 2229 pro
610 2174 789 2215 uictoria
808 2173 905 2214 fuit.
954 2187 1070 2213 arma
1099 2179 1141 2213 et
1169 2173 1334 2214 obsides
1366 2173 1527 2228 accepit
1558 2188 1583 2213 a
1603 2173 1793 2227 trepidis,

273 2252 315 2286 et
344 2245 521 2287 ulterius
551 2244 675 2294 isset,
711 2243 797 2284 nisi
829 2243 1051 2298 inprobam
1083 2243 1261 2284 classem
1295 2243 1516 2297 naufragio
1550 2242 1796 2297 castigasset

274 2383 288 2415 1
308 2381 395 2415 haec
412 2380 518 2414 auide
534 2379 799 2415 incursionibus
816 2387 846 2414 N
861 2378 874 2425 ῘΙ
892 2381 911 2413 2
924 2378 1185 2424 quaerebantur
1199 2385 1225 2412 Β
1242 2376 1253 2423 ΙΙ
1272 2388 1361 2422 quae
1379 2380 1455 2410 erat
1468 2375 1615 2421 sempsi:
1633 2380 1740 2421 quaet
1756 2384 1792 2418 B,

273 2449 362 2482 quae
378 2445 410 2470 N
425 2437 436 2482 ss
454 2436 616 2470 ariobisti
638 2444 663 2470 Β
681 2436 691 2481 11
711 2436 768 2470 cui
794 2447 849 2470 om
865 2444 898 2469 N
912 2435 923 2482 ll
942 2437 960 2468 3
980 2439 1017 2469 et
1032 2447 1086 2468 om
1102 2443 1133 2469 N
1149 2434 1160 2480 11
1179 2439 1233 2468 est
1249 2437 1367 2468 autem
1385 2444 1503 2467 caesar
1518 2441 1551 2467 N
1566 2433 1576 2478 ΙΙ
1596 2435 1615 2466 5
1632 2443 1797 2466 romanos

270 2501 303 2526 N
317 2492 328 2537 ΙΙ
348 2496 367 2526 6
384 2493 421 2526 in
438 2505 493 2526 om
509 2501 534 2526 Β
552 2492 563 2538 ll
583 2495 600 2525 7
627 2497 728 2526 erant
751 2492 884 2526 maiora
899 2499 932 2525 N
946 2491 957 2537 ΙΙ
975 2493 996 2525 9
1019 2491 1134 2524 maius
1155 2498 1189 2525 N
1212 2490 1222 2535 ΙΙ
1249 2495 1332 2535 pote
1356 2494 1411 2523 est
1431 2498 1456 2523 Β
1474 2490 1485 2535 ΙΙ
1515 2491 1551 2523 11
1581 2487 1710 2533 gladiis
1733 2495 1767 2521 N
1780 2488 1792 2533 ΙΙ

270 2545 422 2584 itedrum
438 2556 463 2583 Β
481 2549 491 2593 ΙΙ
513 2550 553 2581 12
571 2547 708 2592 genteri
723 2555 759 2589 B,
780 2548 913 2582 centeri
929 2556 962 2582 N
976 2548 987 2593 11
1009 2549 1049 2581 13
1065 2547 1251 2581 musellam
1267 2554 1303 2586 B,
1322 2545 1515 2580 massiliam
1530 2553 1563 2578 N
1577 2544 1588 2589 ΙΙ
1606 2543 1797 2589 Hercyniis

271 2604 338 2638 edd
351 2607 443 2637 uett:
473 2603 638 2648 hyrcanis
661 2611 719 2636 ΒΝ
733 2602 744 2647 ΙΙ
766 2605 803 2636 1-1
831 2604 972 2649 paludis
995 2611 1020 2637 Β
1037 2602 1048 2647 U
1067 2614 1180 2647 genus
1204 2613 1308 2635 omne
1333 2609 1363 2635 N
1380 2601 1390 2646 ΙΙ
1412 2603 1450 2634 15
1470 2600 1588 2634 subita
1612 2599 1797 2644 Wakefieb-

272 2658 349 2693 dius
365 2659 412 2692 ad
426 2658 588 2692 Lucretii
601 2666 652 2699 ΙΙ,
672 2660 736 2692 363
752 2672 759 2692 =
787 2659 906 2693 subito
931 2668 988 2693 ΒΝ
1003 2659 1014 2705 ΙΙ
1034 2661 1075 2692 16
1100 2662 1136 2692 et
1152 2658 1280 2692 iterum
1297 2665 1330 2690 N
1345 2657 1355 2702 fl
1378 2659 1415 2690 17
1435 2656 1497 2690 sed
1514 2654 1624 2689 maior
1638 2661 1679 2687 N.
1711 2655 1796 2697 for-

275 2718 363 2749 tasse
379 2720 456 2749 tum
473 2714 585 2749 maior
603 2714 614 2759 ΙΙ
636 2716 675 2747 19
693 2714 756 2747 sed
772 2715 869 2759 quod
884 2723 917 2748 Ν
932 2715 942 2759 ΙΙ
961 2714 1230 2748 aceruissimum
1245 2721 1270 2747 B
1287 2713 1298 2758 ss
1318 2715 1355 2746 21
1376 2712 1535 2756 marique
1552 2709 1663 2755 captis
1679 2721 1796 2754 respe-

271 2770 326 2806 xit
341 2779 374 2804 N
387 2770 398 2816 ΙΙ
417 2775 471 2805 set
496 2769 598 2816 quasi
613 2777 646 2803 N
659 2769 670 2815 ΙΙ
690 2771 731 2803 22
748 2780 917 2803 romanus
941 2778 973 2804 N
988 2769 999 2815 ΙΙ
1016 2770 1167 2804 alterum
1184 2781 1239 2803 om
1253 2777 1278 2803 Β
1297 2769 1307 2814 ΙΙ
1326 2770 1369 2802 23
1393 2765 1613 2801 bretanniam
1638 2773 1663 2799 Β
1681 2766 1692 2811 Η
1710 2765 1797 2800 brit-

271 2826 404 2860 taniam
421 2826 513 2871 petit
526 2825 563 2860 in
579 2825 784 2860 brittaniam
802 2824 930 2858 transit
943 2833 977 2859 N
991 2826 1002 2870 ΙΙ
1021 2827 1064 2858 24
1082 2837 1162 2858 cum
1180 2825 1404 2858 Morinorum
1421 2821 1587 2857 soluisset
1601 2821 1771 2855 Halmius
1783 2835 1795 2854 :

273 2881 681 2916 commorinosmouisset
694 2890 731 2923 Β,
749 2879 1054 2915 marinosoluisset
1069 2887 1102 2914 N
1117 2880 1127 2925 ΙΙ
1147 2883 1188 2914 25
1206 2880 1344 2915 hostica
1358 2877 1630 2912 Mommsenius:
1657 2877 1796 2912 hostico

273 2938 333 2978 bN‚
354 2937 519 2971 hostilico
534 2946 560 2971 Β
578 2937 588 2982 ΙΙ
608 2939 650 2971 26
667 2941 703 2971 et
719 2939 946 2982 conspectum
964 2943 988 2970 Β
1006 2935 1016 2980 ΙΙ

1994 400 2002 489 1

1823 1002 1866 1034 10

1822 1694 1867 1727 20

1822 1775 2002 2142 2„

1997 1551 2002 1672 ἒ

1995 1698 2002 1774 ³
