2002 3320
154 609 174 640 5

128 955 170 987 10

124 1301 166 1334 15

118 1649 163 1681 20

115 1996 159 2029 25

683 219 883 249 emron
902 220 955 256 ιι,
980 212 1021 246 13
1046 205 1156 260 [1111,
1179 206 1236 261 2].
1681 208 1736 248 99

203 320 412 363 ambitum
445 318 566 361 ducis
598 318 892 373 increpabant.
940 316 1002 358 sic
1030 316 1411 372 praecipitantibus
1441 317 1542 359 fatis
1575 319 1736 373 proelio

203 397 375 446 sumpta
394 388 617 430 Thessalia
636 395 701 430 est
712 419 725 438 ,
761 394 807 429 ct
825 386 1080 442 Philippicis
1101 387 1263 442 campis
1283 386 1400 429 urbis
1419 386 1588 443 imperii
1606 402 1735 442 gene-

200 461 258 503 ris
278 459 455 502 lmmani
473 458 563 500 fata
582 457 807 500 commissa
825 464 941 499 sunt.
975 471 1213 512 numquam
1238 457 1328 499 ullo
1355 457 1449 498 loco
1481 464 1650 499 tantum
1670 457 1734 498 ui-

200 530 313 572 rium
330 529 481 584 populi
500 528 711 578 Romani,
741 534 912 568 tantum
939 526 1164 581 dignitatis
1184 527 1377 569 Fortuna
1406 526 1615 581 respexit:
1651 533 1733 568 tre-

200 606 324 640 centa
344 598 529 653 amplius
555 598 676 640 milia
703 597 805 639 hinc
826 597 898 638 uel
917 596 1038 638 illinc
1057 603 1225 651 praeter
1245 596 1407 638 auxilia
1419 627 1432 646 ,
1465 611 1584 651 reges
1605 603 1648 638 et
1669 611 1733 638 se-

197 676 363 710 natum.
387 682 625 722 numquam
640 666 903 709 ixnminentis
918 666 1068 707 ruinae
1083 665 1374 708 manifestiora
1388 666 1604 721 prodigia:
1629 666 1734 721 fuga

196 739 493 787 uictimarum,
516 737 714 779 examina
729 737 780 778 in
800 736 958 791 signis,
989 735 1182 778 interdiu
1210 737 1423 778 tenebrae.
1455 737 1547 778 dux
1574 735 1665 790 ipse
1686 736 1733 777 in

195 816 406 849 nocturna
426 807 612 862 imagine
631 807 787 861 plausu
806 805 962 846 theatri
983 805 1050 846 sui
1070 805 1117 846 in
1136 807 1314 848 modum
1331 806 1530 862 planctus
1551 806 1730 848 circum·

196 885 371 919 sonatus
407 885 450 918 et
483 891 609 918 mane
638 890 738 917 cum
770 875 890 930 pullo
923 875 1055 930 pallio
1077 899 1131 906 —
1158 876 1279 917 nefas
1300 900 1356 906 —
1387 883 1492 931 aput
1519 876 1732 931 principia

198 954 451 1001 conspectus
473 953 550 987 est.
574 960 811 1000 numquam
831 945 965 987 acrior
984 960 1123 1000 neque
1144 946 1324 988 alacrior
1343 946 1554 987 exercitus
1575 947 1730 987 Caesa-

194 1017 252 1058 ris
270 1017 355 1058 fuit
364 1033 377 1066 ;
416 1016 518 1057 inde
538 1015 715 1057 classica
733 1016 852 1070 prius
864 1047 877 1065 ,
899 1015 1000 1057 inde
1021 1016 1121 1057 tela.
1156 1017 1410 1058 adnotatum
1430 1030 1598 1070 quoque
1618 1030 1731 1058 com·

193 1086 405 1127 mittentis
426 1085 560 1127 aciem
589 1086 778 1127 Crastini
806 1085 969 1140 pilum,
1002 1085 1078 1139 qui
1104 1099 1206 1127 mox
1234 1087 1387 1127 adacto
1416 1086 1462 1126 in
1492 1101 1538 1127 os
1563 1086 1728 1140 gladio,

192 1155 253 1197 sic
272 1155 385 1197 inter
404 1142 612 1196 cadauera
631 1162 823 1209 repertus
844 1162 933 1196 est:
965 1154 1191 1197 libidinem
1212 1169 1261 1197 ac
1280 1155 1442 1197 rabiem
1463 1171 1547 1210 qua
1563 1171 1730 1211 vpugna-

194 1232 315 1266 uerat
334 1225 430 1280 ipsa
447 1225 642 1266 nouitate
663 1224 850 1267 uolneris
869 1224 1147 1279 praeferebat.
1182 1226 1257 1267 sed
1282 1240 1363 1267 nec
1379 1225 1527 1267 :minus
1549 1225 1729 1269 admira·

192 1294 319 1336 bilior
338 1295 456 1337 illius
474 1295 616 1336 exitus
634 1294 753 1334 belli.
776 1294 939 1349 quippe
958 1309 1060 1336 cum
1070 1295 1302 1349 Pompeius
1315 1296 1426 1338 adeo
1445 1295 1642 1349 equitum
1660 1310 1729 1336 co-

191 1364 264 1418 pia
284 1365 521 1406 abundaret
538 1370 590 1404 ut
608 1363 734 1404 facile
753 1364 1125 1405 circumuenturus
1141 1363 1224 1405 sibi
1244 1365 1472 1407 Caesarem
1490 1365 1724 1415 uideretur,

191 1433 510 1475 circumuentus
529 1434 621 1487 ipse
639 1440 720 1474 est.
742 1447 846 1474 nam
865 1447 966 1474 cum
985 1433 1061 1475 diu
1083 1447 1218 1488 aequo
1241 1435 1383 1476 Marte
1403 1436 1725 1484 contenderent,

190 1503 396 1557 iussuque
428 1503 607 1558 Pompei
626 1504 730 1544 fisus
751 1503 834 1544 sibi
853 1518 879 1545 a
899 1518 1032 1544 cornu
1051 1503 1262 1558 erupisset
1281 1504 1520 1559 equitatus,
1552 1512 1727 1558 repen-te

190 1572 292 1613 hinc
314 1573 436 1627 signo
456 1574 556 1614 dato
574 1573 889 1615 Germanorum
907 1573 1101 1615 cohortes
1121 1579 1294 1615 tantum
1311 1574 1359 1616 in
1378 1574 1532 1616 effusos
1562 1574 1727 1628 equites

189 1642 323 1683 fecere
337 1642 549 1696 impetum
569 1650 618 1684 ut
633 1643 699 1684 illi
714 1657 805 1684 esse
825 1643 1007 1698 pedites,
1031 1642 1078 1684 hi
1093 1643 1242 1684 uenire
1255 1643 1304 1685 'in
1320 1643 1440 1698 equis
1457 1643 1721 1686 uiderentur.

177 1711 290 1753 hanc
319 1719 504 1766 stragem
523 1711 728 1767 fugientis
749 1713 966 1767 equitatus
986 1712 1096 1755 leuis
1117 1720 1358 1755 armaturae
1378 1713 1503 1755 ruina
1523 1713 1727 1755 comitata

190 1789 270 1831 est,
292 1789 397 1822 tunc
413 1789 569 1823 ten-ore
582 1782 715 1823 latius
735 1783 851 1832 dato,
875 1782 1151 1824 turbantibus
1171 1782 1362 1825 inuicem
1382 1783 1537 1837 copiis,
1559 1784 1726 1839 reliqua

188 1857 350 1905 strages
371 1852 494 1906 quasi
512 1866 601 1894 una
618 1866 753 1893 manu
771 1852 885 1893 faeta
905 1859 969 1894 est
979 1868 992 1901 ;
1024 1867 1104 1894 nec
1124 1852 1215 1895 ulla
1234 1867 1300 1894 res
1330 1853 1466 1906 magis
1489 1854 1620 1895 exitio
1639 1855 1725 1897 fuit

188 1935 317 1974 quam
343 1920 438 1975 ipsa
467 1920 676 1963 exercitus
704 1922 973 1976 magnitudo.
1019 1922 1184 1964 multus
1214 1921 1262 1963 in
1289 1937 1340 1964 eo
1375 1922 1537 1977 proelio
1567 1924 1724 1966 Caesar

186 1989 270 2030 fuit
302 1990 553 2045 mediusque
583 1991 699 2033 inter
729 1991 1031 2046 imperatorem
1063 1997 1110 2033 et·
1149 1990 1348 2034 militem„
1397 2007 1523 2035 uoces
1554 2008 1723 2048 quoque

184 2059 472 2114 obequitantis
492 2068 715 2115 acceptae,
740 2061 872 2102 altera
891 2067 1071 2102 cruenta
1080 2091 1094 2110 ,
1118 2061 1193 2102 sed
1213 2062 1339 2104 docta
1358 2069 1402 2103 et
1421 2063 1477 2104 ad
1497 2063 1722 2104 uictoriam

183 2129 332 2170 efficax
346 2125 489 2172 ‘miles
503 2130 661 2172 faciem
675 2130 754 2172 feri
765 2126 798 2171 1³
820 2131 954 2172 altera
973 2131 1028 2171 ad
1045 2129 1322 2173 iactationem
1340 2131 1562 2185 conposita
1578 2127 1722 2186 ‘parce

184 2197 353 2239 ciuibus
366 2198 376 2239 Ι
388 2194 401 2211 '
430 2214 529 2241 cum
558 2200 649 2253 ipse
668 2207 917 2254 sequeretur
936 2199 1105 2240 felicem
1124 2206 1357 2253 utcumque
1378 2200 1424 2242 in
1443 2200 1569 2241 malis
1591 2201 1719 2242 Pom-

184 2385 204 2417 2
229 2383 381 2418 thesalia
403 2392 429 2418 Β
445 2386 459 2430 ΙΙ
475 2385 571 2420 orbis
586 2394 612 2420 B
629 2387 640 2432 ΙΙ
659 2389 679 2420 4
696 2386 841 2421 fortuna
863 2385 957 2420 uidit
980 2386 1039 2431 ΝΠ
1064 2388 1084 2419 5
1110 2386 1194 2420 hinc
1219 2385 1306 2420 belli
1330 2386 1430 2421 illinc
1453 2396 1487 2422 N
1511 2389 1522 2433 ΙῙ
1547 2389 1632 2424 hinc
1659 2390 1719 2424 uel

183 2438 282 2474 illine
291 2444 375 2484 poet
389 2440 525 2476 auxilia
533 2441 639 2485 pon-'t
652 2441 908 2476 Mommsenius
925 2442 937 2486 ΙΙ
950 2453 1080 2487 regum
1097 2446 1135 2477 et
1157 2447 1301 2477 senatus
1324 2450 1358 2477 N
1372 2443 1384 2487 ΙΙ
1404 2445 1422 2476 7
1453 2445 1622 2480 examini-i
1646 2454 1672 2480 Β
1687 2447 1701 2492 ΙΙ

181 2495 257 2540 ipse
274 2500 310 2530 et
325 2500 501 2530 nocturna
514 2503 549 2530 N
561 2496 573 2542 ss
591 2498 612 2530 8
628 2497 758 2542 plausu
774 2497 905 2532 theatri
927 2498 984 2532 sui
999 2498 1256 2534 Mommsenius
1268 2513 1280 2532 :
1313 2499 1479 2545 plausum
1503 2500 1635 2536 theatri
1660 2502 1717 2537 sui

181 2550 331 2585 audiens
353 2559 399 2592 Β,
436 2551 588 2588 thaeatri
608 2552 666 2586 sui
688 2552 838 2587 audiens
855 2553 1019 2598 plausum
1034 2562 1068 2589 N
1082 2554 1093 2599 ΙΙ
1111 2554 1351 2590 circumsonat
1366 2560 1404 2590 et
1418 2563 1450 2590 N
1465 2556 1477 2602 ΙΙ
1495 2558 1515 2590 9
1533 2557 1643 2602 pallio
1659 2570 1715 2592 om

179 2613 214 2640 N
226 2606 238 2651 11
259 2609 299 2641 12
317 2607 469 2642 adhacto
486 2607 524 2643 in
536 2608 609 2644 -hoc
622 2607 747 2653 gladio
760 2616 787 2642 Β
804 2609 816 2655 ss
836 2611 876 2643 13
903 2614 958 2646 est
981 2622 1038 2644 om
1059 2618 1093 2646 N
1107 2611 1119 2656 ΙΙ
1135 2610 1202 2646 hac
1217 2619 1244 2646 Β
1259 2611 1272 2657 ss
1292 2614 1332 2646 14
1357 2611 1539 2646 nouitates
1555 2613 1715 2648 uulneris

178 2669 204 2696 Β
220 2662 232 2708 ss
254 2664 294 2696 15
319 2663 429 2698 ullius
444 2672 470 2698 Β
487 2664 498 2709 ΙΙ
520 2666 559 2698 16
584 2664 812 2699 habundaret
832 2673 859 2699 Β
875 2665 887 2711 ΙΙ
908 2667 947 2699 17
974 2666 1208 2702 contenderet
1230 2675 1265 2702 N
1278 2668 1289 2713 ΙΙ
1310 2670 1350 2702 18
1367 2667 1454 2703 fisus
1480 2667 1549 2701 sibi
1565 2668 1714 2712 scr-imi.-

179 2716 265 2752 fisus
281 2719 338 2754 sui
352 2727 397 2761 Β,
423 2719 526 2755 fusus
541 2728 575 2755 N
588 2719 600 2766 ΙΙ
619 2722 662 2755 20
684 2720 801 2755 facere
815 2728 842 2756 Β
858 2720 871 2766 Π
888 2725 1008 2756 essent
1022 2729 1048 2756 Β
1063 2721 1077 2767 ΙΙ
1094 2721 1148 2757 illi
1170 2723 1295 2758 uenire
1316 2732 1342 2758 B
1359 2723 1371 2769 ΙΙ
1389 2725 1428 2757 21
1458 2723 1640 2768 equitatus
1657 2735 1714 2756 om

178 2779 204 2806 Β
221 2772 234 2817 ΙΙ
249 2775 292 2808 22
315 2785 434 2810 errore
459 2776 573 2820 Β1125
599 2776 700 2811 uocis
724 2784 750 2812 Β
767 2777 779 2822 ΙΙ
795 2778 839 2811 26
865 2776 1109 2823 obequitantis
1132 2781 1199 2814 N2
1216 2791 1347 2814 manu.-
1373 2777 1591 2822 obequitantis
1611 2785 1670 2811 ΒΝ
1684 2779 1697 2824 fi

180 2834 328 2874 excepte
341 2832 402 2878 ΝΗ
420 2835 459 2868 27
478 2832 708 2868 iactationem
730 2840 766 2868 N
777 2835 799 2869 2
822 2844 953 2869 mama.-
976 2834 1172 2871 iatamnem
1194 2844 1239 2877 Β,
1267 2834 1495 2870 iectationem
1518 2840 1552 2867 N
1565 2832 1577 2878 ΙΙ
1595 2834 1639 2867 28
1657 2839 1712 2868 ut-

178 2894 294 2929 euque
308 2893 334 2921 Β
350 2886 363 2932 ΙΙ

1432 2957 1449 2987 7
1460 2944 1482 2965 ⁴*
