2002 3320
600 287 799 316 nrrrouA
821 287 876 324 11,
898 280 1000 313 2—-5
1025 273 1117 328 [111‚
1144 273 1325 328 ιιι-17].
1696 271 1745 312 81

585 410 701 452 ῙΙΙΙ.
736 409 981 451 SEDITIO
1002 409 1368 451 APVLEIANA.

211 534 362 576 Nihilo
396 534 540 576 minus
569 533 780 588 Apuleius
821 533 1081 575 Saturninus
1110 534 1385 576 Gracchanas
1416 534 1607 574 adserere
1634 532 1752 586 leges
1769 542 1842 578 111,
1860 529 1913 569 16

210 619 298 646 non
332 604 512 646 destitit.
561 611 732 646 tantum
767 603 1008 660 animprum
1043 604 1208 645 Marius
1243 605 1389 654 dabat,
1427 603 1502 658 qui
1536 601 1756 644 nobilitati

210 689 375 729 semper
395 675 611 725 inimicus,
635 674 862 716 consulatu
882 689 960 716 suo
979 682 1197 729 praeterea
1216 675 1478 716 confisusn.
1521 673 1661 715 occiso
1681 687 1755 727 pa-

160 753 180 783 5
209 744 297 785 lam
316 745 500 786 comitiis
520 746 575 786 A.
600 744 766 787 Ninnio
786 744 1049 799 conpetitore
1070 744 1315 786 tribunatus
1331 745 1560 799 subrogare
1576 751 1756 785 conatus

211 821 275 856 est
295 814 342 855 in
362 816 454 857 eius
470 816 614 857 locum
629 817 681 858 C.
702 816 963 866 Gracchum,
981 814 1203 856 hominem
1223 815 1315 856 sine
1332 814 1463 865 tribu,
1482 814 1574 856 sine
1589 823 1754 864 notore‚

212 884 305 927 sine
325 886 500 926 nomine
512 902 523 934 3
559 893 625 927 set
654 886 826 927 subdito
858 886 987 927 titulo
1015 886 1062 926 in
1092 885 1302 927 familiam
1328 885 1420 940 ipse
1440 900 1484 927 se
1506 887 1754 941 adoptabat.

213 969 314 996 cum
334 962 398 997 tot
418 955 635 1011 tantisque
654 956 852 998 ludibriis
873 957 1085 998 exultaret
1104 956 1292 1011 inpune,
1321 944 1521 1011 rogandis
1543 956 1758 997 Graccho-

214 1041 312 1067 rum
331 1026 498 1081 legibus
518 1027 582 1068 ita
600 1027 876 1069 uehementer
894 1027 1094 1068 incubuit
1114 1034 1163 1068 ut
1183 1034 1383 1068 senatum
1403 1041 1572 1081 quoque
1592 1033 1760 1082 cogeret

147 1104 189 1136 10
217 1095 264 1137 in
283 1097 416 1138 uerba
450 1097 590 1138 iurare
599 1129 614 1148 ‚
651 1112 751 1138 cum
785 1097 1076 1138 abnuentibus
1109 1112 1220 1152 aqua
1240 1105 1283 1138 et
1308 1097 1401 1152 igni
1430 1097 1761 1139 interdicturum

214 1165 463 1208 minaretur.
497 1181 612 1208 unus
643 1175 790 1208 tamen
810 1167 971 1218 extitit,
995 1167 1070 1222 qui
1097 1168 1247 1209 mallet
1276 1168 1471 1209 exilium.
1504 1167 1639 1223 igitur
1663 1175 1760 1222 post

215 1236 384 1278 Metelli
403 1237 553 1292 fugam
573 1237 691 1279 omni
710 1237 936 1280 nobilitate
956 1238 1154 1293 perculsa
1172 1253 1272 1279 cum
1292 1238 1379 1280 iam
1401 1238 1577 1280 tertium
1597 1253 1761 1279 annum

214 1308 528 1358 dominaretur,
559 1323 610 1350 eo
637 1308 840 1350 uesaniae
870 1323 1118 1363 progressus
1156 1316 1220 1350 est
1250 1315 1299 1349 ut
1329 1308 1572 1350 consularia
1591 1323 1762 1363 quoque

214 1378 389 1420 comitia
420 1393 536 1419 noua
563 1380 691 1420 caede
722 1380 927 1420 turbaret.
969 1379 1128 1434 quippe
1159 1386 1209 1420 ut
1247 1379 1479 1420 satellitem
1507 1379 1663 1420 furoris
1694 1378 1762 1419 sui

148 1457 188 1488 15
218 1448 447 1490 Glauciam
466 1449 688 1489 consulem
716 1448 873 1490 faceret
886 1481 899 1499 ‚
932 1449 1140 1490 Publium
1161 1449 1426 1490 Mummium
1454 1449 1763 1504 conpetitorem

214 1519 397 1560 interfici
417 1519 557 1568 iussit,
581 1525 624 1559 et
643 1518 691 1559 in
711 1533 761 1560 eo
780 1519 974 1578 tumultu
994 1533 1138 1574 regem
1154 1534 1208 1560 ex
1228 1519 1489 1560 satellitibus
1511 1519 1600 1560 suis
1623 1534 1668 1560 se
1689 1533 1761 1573 ap-

216 1590 426 1644 pellatum
454 1589 592 1630 laetus
621 1589 799 1644 accepit.
846 1597 940 1631 tum
968 1604 1071 1630 uero
1105 1589 1193 1631 iam
1222 1589 1537 1644 conspiratione
1568 1595 1760 1638 senatus,

215 1660 309 1714 ipso
329 1673 498 1714 quoque
517 1659 605 1700 iam
626 1660 764 1701 Mario
784 1660 977 1709 consule,
1000 1659 1102 1714 quia
1122 1659 1233 1701 tueri
1248 1675 1338 1701 non
1357 1667 1540 1714 poterat,
1564 1661 1759 1709 aduerSO,

215 1730 400 1772 directae
438 1729 486 1770 in
526 1729 617 1771 foro
656 1728 768 1770 acies
780 1745 792 1778 ;
839 1730 990 1784 pulsus
1026 1729 1128 1772 inde
1157 1730 1422 1785 Capitolium
1451 1730 1628 1771 inuasit.
1688 1730 1763 1771 sed

145 1808 190 1840 20
218 1815 319 1841 cum
339 1799 532 1854 abruptis
551 1799 711 1841 fistulis
742 1799 1008 1843 obsideretur
1037 1800 1291 1855 senatuique
1320 1815 1396 1855 per
1424 1801 1587 1855 legatos
1615 1800 1761 1854 paeni-

218 1870 377 1911 tentiae
396 1871 527 1911 fidem
546 1870 729 1919 faceret,
762 1870 815 1910 ab
846 1885 940 1911 arce
969 1871 1193 1925 degressus
1223 1886 1323 1912 cum
1352 1871 1534 1912 ducibus
1563 1870 1763 1912 factionis

218 1947 412 1995 receptus
432 1940 480 1981 in
498 1940 661 1981 curiam
682 1947 760 1981 est.
794 1940 856 1981 ibi
885 1955 985 1982 eum
1014 1941 1128 1981 facta
1154 1941 1403 1996 inruptione
1432 1942 1618 1996 populus
1638 1941 1762 1983 fusti-

217 2011 298 2051 bus
319 2010 518 2065 saxisque
538 2018 735 2065 opertum
754 2010 848 2065 ipsa
868 2025 1037 2066 quoque
1058 2019 1195 2054 morte
1214 2012 1434 2054 lacerauit.

575 2225 584 2233 ‚
642 2170 696 2210 V.
732 2169 978 2211 SEDITIO
1000 2171 1328 2213 DRVSIANA.

148 2311 192 2342 25
221 2304 443 2343 Postremo
464 2301 615 2343 Liuius
633 2303 801 2344 Drusus
817 2318 906 2344 non
922 2304 1167 2345 tribunatus
1183 2306 1310 2346 modo
1328 2304 1509 2354 uiribus,
1533 2306 1608 2346 sed
1628 2304 1763 2360 ipsius
1783 2314 1855 2350 111,
1873 2302 1924 2341 17

220 2371 350 2412 etiam
366 2378 539 2412 senatus
556 2373 810 2414 auctoritate
827 2373 1045 2427 totiusque
1062 2373 1215 2415 Italiae
1231 2389 1444 2417 consensu
1460 2376 1631 2417 easdem
1650 2375 1765 2430 leges

222 2442 413 2482 adserere
433 2449 611 2483 conatus
624 2474 635 2491 ,
668 2443 773 2483 dum
803 2442 937 2485 alium
965 2451 1109 2498 captat
1131 2459 1184 2485 ex
1215 2445 1300 2487 alio
1313 2477 1325 2495 ,
1359 2437 1530 2488 tantum
1560 2445 1766 2487 conflauit

223 2655 242 2686 2
260 2652 352 2687 nihil
368 2652 538 2686 hominus
553 2659 579 2685 B
596 2652 607 2698 ΙΙ
626 2653 847 2698 gracchanus
862 2662 888 2688 Β
905 2655 916 2700 ΙΙ
935 2658 955 2689 3
977 2655 1179 2690 animorum
1202 2668 1258 2690 om
1282 2664 1308 2691 Β
1325 2657 1337 2702 ΙΙ
1354 2657 1434 2692 uiro
1450 2658 1584 2693 marius
1598 2666 1666 2700 BN,
1686 2658 1765 2692 uiro

221 2709 335 2742 delem'
349 2708 360 2754 ss
379 2712 398 2742 5
417 2708 526 2742 annio
542 2716 576 2742 N
590 2709 602 2754 H
620 2711 640 2743 6
657 2719 694 2754 g.
711 2716 746 2742 N
759 2709 771 2754 ss
788 2708 905 2745 tribus
920 2718 980 2745 ΒΝ
992 2713 1004 2757 ΙΙ
1022 2711 1100 2746 sine
1115 2718 1260 2748 notores
1276 2721 1322 2755 B,
1349 2726 1405 2748 om
1420 2722 1452 2751 N
1467 2715 1480 2760 ss
1500 2718 1517 2748 7
1537 2715 1657 2749 subito
1673 2723 1698 2748 Β
1716 2714 1727 2758 ΙΙ
1745 2716 1766 2746 9

224 2770 430 2800 neementer
445 2773 470 2799 B
496 2765 507 2811 ΙΙ
537 2767 578 2800 10
596 2765 841 2800 annuentibus
855 2774 882 2801 Β
907 2766 918 2811 ΙΙ
944 2766 1221 2804 interdicturum
1251 2782 1289 2804 se
1313 2770 1511 2805 minaretur
1531 2778 1565 2804 N
1588 2772 1599 2814 ΙΙ
1632 2772 1670 2804 12
1695 2770 1765 2804 iam

225 2831 306 2853 cum
330 2829 363 2854 Ν
377 2822 388 2866 ΙΙ
411 2824 451 2856 13
477 2821 667 2856 uaesaniae
691 2829 750 2855 BN
764 2822 776 2867 ΙΙ
794 2823 995 2858 consolaria
1019 2824 1040 2858 b
1057 2825 1068 2871 ῃ
1089 2827 1128 2859 11
1147 2825 1222 2860 suis
1238 2834 1272 2861 N
1285 2827 1297 2872 ΙΙ
1318 2829 1359 2860 15
1378 2826 1549 2860 clauciam
1575 2833 1607 2859 N
1622 2825 1633 2870 ss
1650 2825 1766 2860 facere

224 2883 249 2908 Β
267 2875 278 2919 ΙΙ
296 2886 328 2909 c.
346 2878 579 2912 meummium
594 2885 626 2912 N
643 2878 654 2923 Η
673 2883 913 2924 competorem
929 2888 955 2915 Β
972 2881 984 2925 ΙΙ
1005 2883 1046 2916 16
1063 2880 1261 2917 atellitibus
1277 2891 1302 2916 Β
1320 2882 1330 2926 {l
1350 2893 1387 2916 se
1411 2894 1466 2914 om
1483 2889 1541 2915 BN
1555 2884 1566 2927 ῃ
1590 2883 1628 2915 19
1646 2881 1766 2916 derec-

225 2936 282 2964 tae
306 2938 331 2964 Β
348 2932 359 2976 [Ι
377 2933 548 2978 expulsus
573 2942 606 2968 N
620 2935 631 2980 ss
650 2937 692 2968 20
710 2935 848 2970 abrutis
875 2936 895 2970 b
913 2937 924 2981 Η
942 2937 1070 2972 fistolis
1086 2946 1119 2972 N
1133 2938 1144 2983 Η
1164 2940 1201 2972 21
1225 2938 1407 2984 digressus
1423 2946 1448 2971 Β
1466 2939 1477 2982 ss
1495 2937 1669 2971 factiones
1691 2946 1723 2972 N
1738 2938 1749 2983 ss

228 2989 269 3020 23
298 2993 507 3033 coopertum
531 2990 567 3024 in
593 2991 671 3036 ipsa
688 2999 719 3024 N
734 2991 744 3036 {1
763 2994 806 3025 24
825 3001 1016 3028 narsum
1041 3002 1194 3028 snnrrlo
1211 3002 1243 3027 N
1258 2995 1268 3038 {1
1289 2996 1329 3027 27
1349 2993 1448 3027 aliud
1466 2998 1570 3038 capta
1586 3002 1617 3027 Ν
1633 2994 1643 3038 ΙΙ

276 3053 430 3078 rnonvs.
1483 3060 1503 3090 (5
