2002 3320
491 257 689 287 ammona
712 258 764 294 11,
793 251 936 284 10—12
961 243 1052 300 [111,
1075 251 1135 284 22.
1161 250 1220 283 23.
1256 256 1348 292 1111,
1374 242 1428 298 1].
1691 243 1745 283 93

588 369 700 410 XII.
734 368 981 410 BELLVM
1002 367 1349 409 CATILINAE.

201 493 436 538 Catilinam
454 492 630 534 luxuria
648 491 862 547 primum,
897 498 991 533 tum
1019 491 1121 532 hinc
1150 491 1336 532 conflata
1356 498 1522 545 egestas
1543 490 1604 532 rei
1624 491 1746 532 fami-
1765 499 1858 535 1111,
1883 486 1896 522 l

202 564 342 614 liaris,
375 563 505 605 simul
525 561 714 612 occasio,
745 563 860 616 quod
879 562 927 603 in
946 561 1148 604 extremis
1168 561 1329 603 finibus
1349 560 1503 602 mundi
1521 575 1639 602 arma
1659 562 1746 603 Ro—

202 649 330 677 mana
348 634 759 690 peregrinabantur,
791 632 840 673 in
866 631 1030 673 nefaria
1055 631 1234 672 consilia
1263 631 1565 686 opprimendae
1584 632 1747 686 patriae

161 716 181 747 5
202 720 304 748 suae
325 705 570 759 conpulere.
604 710 803 746 senatum
822 702 1069 752 confodere,
1093 702 1290 744 consules
1312 702 1550 752 trucidare,
1573 702 1746 744 distrin-

202 791 302 831 gere
331 774 542 816 incendiis
571 775 744 824 urbem,
783 773 967 829 diripere
997 772 1208 814 aerarium
1221 804 1235 822 ,
1272 779 1409 814 totam
1443 773 1628 828 denique
1656 787 1746 814 rem

204 846 424 902 publicam
458 845 655 886 funditus
685 844 834 886 tollere
864 851 907 886 et
942 843 1152 898 quidquid
1186 858 1266 884 nec
1300 844 1494 885 Annibal
1527 844 1747 885 uideretur

203 924 397 995 optasse,
436 916 607 971 quibus
622 940 678 946 —
708 930 733 956 o
752 915 898 957 nefas!
925 939 975 947 ——
999 913 1125 956 sociis
1146 915 1370 968 adgressus
1392 914 1479 955 est!
1504 914 1596 968 ipse
1615 913 1746 968 patri-

204 987 318 1037 cius;
353 987 428 1028 sed
447 987 529 1027 hoc
548 986 693 1028 minus
713 994 801 1027 est:
837 985 957 1028 Curii
987 984 1129 1027 Porcii
1160 984 1307 1026 Sullae
1334 984 1516 1038 Cethegi
1543 983 1747 1025 Autronii

134 1067 175 1098 10
204 1057 444 1112 Varguntei
465 1064 593 1111 atque
613 1055 825 1111 Longini,
841 1071 950 1111 quae
969 1055 1180 1097 familiae!
1206 1069 1316 1109 quae
1336 1062 1510 1096 senatus
1531 1053 1742 1108 insignia!

206 1127 424 1173 Lentulus
441 1141 609 1181 quoque
630 1134 724 1167 tum
743 1141 843 1167 cum
863 1126 1049 1167 maxime
1065 1132 1248 1180 praetor.
1281 1125 1360 1166 hos
1380 1125 1519 1166 omnis
1540 1125 1746 1166 inmanis-

201 1198 299 1240 simi
318 1196 518 1238 facinoris
540 1196 745 1238 satellites
766 1196 934 1237 habuit.
969 1196 1166 1237 additum
1181 1203 1245 1237 est
1260 1195 1418 1250 pignus
1439 1195 1747 1237 coniurationis

202 1267 379 1323 sanguis
400 1267 643 1317 humanus,
667 1281 796 1322 quem
816 1267 1117 1308 circumlatum
1135 1266 1294 1321 pateris
1323 1266 1491 1308 bibere:
1530 1281 1747 1308 summum

202 1339 363 1388 nefas,
378 1337 425 1378 ni
446 1337 631 1393 amplius
652 1344 786 1387 esset,
815 1345 988 1392 propter
1008 1337 1123 1391 quod
1148 1335 1366 1386 biberunt.
1400 1344 1547 1379 actum
1577 1344 1667 1378 erat
1694 1338 1747 1378 de

135 1419 175 1450 15
202 1408 494 1465 pulcherrimo
513 1407 692 1462 imperio
705 1439 717 1456 ,
746 1407 832 1448 nisi
852 1407 930 1448 illa
948 1406 1187 1448 coniuratio
1207 1407 1254 1447 in
1275 1407 1526 1449 Ciceronem
1547 1415 1591 1449 et
1610 1411 1746 1448 Anto-

204 1479 328 1520 nium
346 1478 545 1520 consules
565 1477 787 1518 incidisset
799 1509 813 1527 ,
846 1491 1028 1532 quorum
1054 1468 1161 1518 alter
1181 1477 1395 1519 industria
1414 1492 1504 1518 rem
1524 1477 1744 1532 patefecit,

205 1549 312 1590 alter
332 1563 465 1590 manu
486 1547 709 1603 oppressit.
745 1547 857 1588 tanti
877 1547 1045 1589 sceleris
1067 1547 1276 1588 indicium
1295 1562 1371 1602 per
1391 1547 1594 1589 Fuluiam
1614 1562 1746 1588 emer-

205 1619 286 1670 sit,
310 1619 571 1661 uilissimum
591 1625 793 1668 scortum,
817 1619 892 1659 sed
910 1618 1100 1672 patriciis
1116 1618 1406 1660 innocentius.
1431 1619 1582 1660 consul
1597 1618 1748 1660 habito

206 1697 359 1732 senatu
379 1689 426 1730 in
445 1690 713 1744 praesentem
723 1703 844 1730 reum
852 1689 1070 1743 perorauit
1080 1705 1092 1738 ;
1113 1689 1285 1730 sednon
1295 1687 1481 1743 amplius
1491 1689 1746 1744 profectum,

135 1770 179 1802 20
206 1769 337 1815 quam
357 1767 408 1801 ut
422 1759 559 1801 hostis
580 1760 780 1800 euaderet
797 1773 926 1814 seque
947 1765 1042 1800 tum
1061 1759 1205 1814 palam
1221 1773 1268 1799 ac
1292 1759 1479 1813 professe
1499 1759 1750 1802 incendium

208 1845 337 1873 suum
356 1830 663 1872 restincturum
683 1829 809 1870 ruina
827 1829 1078 1870 minaretur.
1112 1836 1155 1870 et
1182 1829 1256 1870 ille
1287 1829 1462 1883 quidem
1491 1830 1546 1869 ad
1572 1843 1748 1884 praepa-

207 1909 349 1943 ratum
371 1916 396 1942 a
416 1900 583 1941 Manlio
602 1900 649 1940 in
670 1899 843 1941 Etruria
862 1899 1099 1940 exercitum
1124 1898 1409 1952 proficiscitur
1437 1899 1562 1954 signa
1589 1899 1749 1940 inlatu-

207 1987 279 2013 rus
301 1970 412 2012 urbi.
447 1970 660 2012 Lentulus
681 1969 944 2011 destinatum
970 1968 1158 2011 familiae
1184 1983 1285 2010 suae
1308 1969 1532 2024 Sibyllinis
1554 1970 1750 2011 uersibus

207 2056 389 2097 regnum
425 2040 506 2083 sibi
536 2039 780 2082 uaticinans
810 2041 866 2082 ad
893 2030 1198 2094 praestitutum
1228 2054 1254 2080 a
1282 2039 1472 2081 Catilina
1502 2041 1616 2082 diem
1647 2041 1751 2080 urbe

137 2121 180 2153 25
208 2108 299 2154 tota
317 2112 432 2153 uiros
453 2111 566 2152 faces
596 2111 683 2152 tela
710 2109 913 2165 disponit.
947 2124 1026 2151 nec
1047 2109 1168 2151 ciuili
1188 2110 1502 2165 conspiratione
1523 2117 1751 2152 contentus

207 2183 371 2237 legatos
390 2182 698 2235 Allobrogum,
730 2180 805 2234 qui
826 2187 922 2221 tum
941 2180 1049 2220 forte
1071 2168 1273 2229 aderant,
1304 2180 1351 2220 in
1382 2194 1500 2220 arma
1529 2179 1746 2220 sollicitat.

210 2253 312 2294 isset
331 2252 445 2292 ultra
465 2252 596 2305 Alpes
617 2250 756 2299 furor,
790 2250 875 2291 nisi
905 2250 1039 2290 altera
1058 2249 1299 2304 proditione
1321 2249 1517 2291 Volturci
1546 2249 1753 2304 praetoris

210 2322 357 2364 literae
379 2327 639 2362 tenerentur.
675 2319 822 2361 statim
842 2319 1061 2361 Ciceronis
1090 2318 1268 2373 imperio
1300 2319 1459 2361 iniecta
1479 2327 1543 2360 cst
1562 2318 1752 2360 barbaris

212 2406 389 2440 manus;
437 2390 580 2444 palam
618 2397 787 2444 praetor
831 2389 877 2430 in
922 2396 1076 2431 senatu
1118 2388 1406 2431 conuincitur.
1454 2392 1506 2431 de
1543 2389 1753 2444 supplicio
1785 2400 1791 2407 ’

219 2564 232 2595 1
253 2568 468 2596 nummu
483 2568 519 2601 B,
539 2566 773 2594 crimmum
789 2567 822 2593 N
836 2558 847 2604 ΙΙ
865 2561 885 2593 2
903 2558 1099 2594 catillinam
1125 2559 1183 2603 Nu
1201 2569 1282 2594 cum
1308 2567 1333 2594 Β
1351 2560 1362 2606 ΙΙ
1380 2560 1537 2595 conflant
1561 2569 1586 2595 Β
1603 2560 1615 2605 ll
1633 2562 1652 2593 3
1672 2560 1755 2593 hoc-

215 2618 311 2653 casio
328 2625 352 2651 Β
370 2617 381 2661 ΙΙ
400 2619 419 2650 5
438 2615 622 2650 contulere
638 2622 663 2649 B
681 2615 692 2660 ss
711 2615 933 2662 destringere
948 2623 974 2650 B
991 2616 1002 2661 ΙΙ
1022 2619 1040 2650 7
1058 2627 1104 2650 ne
1120 2624 1146 2650 Β
1163 2616 1174 2660 ΙΙ
1193 2618 1213 2650 8
1238 2616 1381 2652 obtasse
1404 2625 1438 2651 N
1452 2618 1463 2664 ΙΙ
1482 2620 1502 2651 9
1529 2617 1640 2663 syllae
1655 2623 1715 2650 BN
1729 2616 1740 2661 ΙΙ

218 2676 258 2709 10
276 2673 464 2709 uarcuntei
479 2681 504 2706 Β
522 2673 533 2718 ΙΙ
555 2674 591 2706 11
612 2676 699 2706 tunc
714 2679 746 2706 N
762 2672 774 2717 ss
791 2677 931 2718 praeter
944 2679 970 2706 Β
987 2671 999 2717 11
1020 2673 1060 2706 13
1078 2672 1276 2707 humanum
1290 2681 1317 2707 B
1333 2673 1345 2719 ΙΙ
1363 2673 1504 2719 paperis
1518 2681 1552 2707 N
1566 2674 1577 2718 ΙΙ
1600 2675 1639 2706 14
1656 2683 1702 2706 ne
1718 2679 1754 2711 Β,

216 2731 287 2766 nisi
301 2739 334 2765 N
349 2731 360 2776 ss
382 2732 422 2764 18
439 2730 613 2764 innocens
630 2734 708 2763 tum
725 2728 853 2763 consul
866 2735 898 2762 N
913 2729 926 2774 ΙΙ
948 2730 988 2763 19
1005 2729 1147 2764 senatui
1169 2737 1194 2764 Β
1212 2729 1223 2774 ΙΙ
1242 2729 1279 2764 in
1303 2736 1527 2775 praesentem
1544 2728 1756 2775 parricidam

218 2787 256 2821 in
270 2791 500 2832 praesentum
516 2797 618 2820 reum
635 2784 750 2819 cicero
767 2785 950 2833 perorauit
964 2792 998 2819 N
1011 2784 1024 2830 11
1041 2786 1085 2818 20
1101 2796 1212 2831 seque
1228 2797 1310 2820 cum
1326 2786 1445 2831 palam
1460 2786 1527 2819 hac
1543 2784 1702 2830 professe
1716 2791 1754 2824 Β,

219 2853 327 2887 seque
343 2842 459 2888 palam
476 2842 637 2888 professo
653 2850 686 2876 N
701 2843 712 2887 ΙΙ
731 2843 774 2875 22
798 2841 960 2876 exercitu
974 2849 1000 2876 Β
1018 2841 1029 2887 n
1048 2843 1092 2876 23
1116 2841 1285 2877 sibillinis
1311 2850 1337 2875 Β
1354 2842 1364 2886 Η
1383 2843 1426 2875 24
1454 2840 1659 2886 uatiginans
1682 2840 1741 2884 ΝΙΙ

219 2898 378 2932 catillina
392 2906 426 2933 N
439 2899 451 2943 ΙΙ
468 2901 512 2933 25
530 2899 610 2934 uiro
628 2898 660 2940 b,
680 2897 778 2932 uiros
793 2905 818 2931 Β
835 2898 847 2943 ss
864 2897 978 2932 fasces
994 2905 1020 2932 Β
1037 2898 1048 2943 ΙΙ
1066 2899 1110 2932 26
1127 2897 1266 2942 legatos
1281 2896 1473 2931 Halmius.-
1497 2895 1626 2941 legatis
1642 2903 1683 2937 Ν,
1702 2908 1758 2930 om

221 2963 245 2988 Β
263 2954 274 2999 ἢ
293 2953 475 2988 sollicitat.
494 2955 582 2989 isset
597 2954 791 2989 Halmius.-
817 2953 1020 2990 sollicitatis
1033 2953 1097 2988 sed
1114 2962 1150 2994 Β,
1177 2952 1378 2987 sollicitatis
1397 2952 1483 2986 isset
1499 2960 1531 2986 Ν
1545 2954 1557 2998 ss
