2002 3320
258 259 310 298 74
922 268 1015 295 IVLI
1036 267 1165 296 From

255 382 375 409 mum
394 367 597 409 uictoriae
618 369 769 415 decus,
807 365 987 420 supplex
1019 380 1117 406 cum
1145 366 1191 406 in
1211 371 1349 406 castra
1369 364 1582 418 uenisset,
1621 378 1779 417 equum

257 445 300 478 et
327 438 522 491 phaleras
551 443 594 477 et
629 450 706 477 sua
733 448 850 475 arma
884 442 981 475 ante
1013 435 1203 476 Caesaris
1233 449 1375 489 genua
1406 434 1596 489 proiecit.
1639 429 1780 474 ‘habe’

258 507 412 561 inquit.
432 502 602 547 ‘fortem
622 506 780 555 uirum,
803 504 871 545 uir
889 504 1131 554 fortissime,
1154 500 1327 545 uicisti?

610 653 751 695 XLV.
782 651 1028 694 BELLVM
1049 651 1363 693 PARTHICV
1366 652 1428 692 M.

87 790 173 831 ⁷111,
199 783 244 821 11
266 774 384 819 Dum
405 777 552 818 Gallos
572 790 647 830 per
668 776 892 816 Caesarem
911 774 958 814 in
978 774 1264 827 septentrione
1285 773 1483 823 debellat,
1507 773 1597 828 ipse
1615 772 1787 814 interim
1818 781 1837 813 5

262 849 316 889 ad
336 847 542 887 orientem
560 858 692 899 graue
720 844 875 885 uolnus
897 858 923 884 a
952 844 1123 885 Parthis
1151 844 1335 898 populus
1355 844 1578 884 Romanus
1607 843 1781 896 accepit.

262 932 341 958 nec
362 919 413 958 de
433 916 604 957 fortuna
625 913 743 968 queri
762 928 1011 967 possumus;
1036 921 1150 954 caret
1170 913 1325 955 solacio
1346 913 1500 953 clades.
1535 911 1723 952 aduersis
1745 917 1787 951 et

262 987 327 1028 dis
348 994 391 1027 et
409 984 654 1026 hominibus
675 982 884 1037 cupiditas
905 983 1090 1024 consulis
1112 982 1278 1032 Crassi,
1308 984 1411 1023 dum
1431 981 1632 1023 Parthico
1650 980 1789 1021 inhiat

265 1071 391 1105 auro,
414 1054 614 1095 undecim
634 1060 772 1107 strage
792 1053 1011 1106 legionum
1031 1059 1073 1093 et
1092 1052 1227 1106 ipsius
1258 1052 1395 1106 capite
1423 1051 1606 1092 multata
1635 1057 1713 1091 est.
1748 1056 1790 1090 et

266 1126 463 1167 tribunus
483 1123 598 1178 plebi
619 1123 821 1163 Metellus
842 1130 1068 1163 exeuntem
1096 1123 1246 1162 ducem
1275 1121 1501 1162 hostilibus
1529 1120 1631 1161 diris
1662 1121 1789 1160 deuo·
1819 1126 1860 1158 10

266 1202 411 1243 uerat,
446 1200 489 1234 et
508 1207 607 1234 cum
627 1193 819 1245 Zeugma
847 1192 1067 1233 transisset
1087 1191 1296 1231 exercitus
1309 1222 1322 1240 ,
1354 1197 1476 1244 rapta
1495 1189 1647 1230 subitis
1669 1189 1792 1242 signa
1991 1172 2002 1232 i

268 1264 509 1305 turbinibus
529 1261 674 1303 hausit
695 1261 959 1314 Euphrates,
990 1268 1032 1301 et
1060 1275 1159 1301 cum
1188 1267 1292 1314 aput
1321 1259 1627 1314 Nicephorium
1657 1265 1794 1299 castra
1991 1233 2002 1417 l

1995 1426 2002 1522 i

1996 1543 2002 1636 l

267 1333 478 1388 posuisset
491 1364 503 1381 ,
525 1331 646 1372 missi
666 1332 718 1371 ab
739 1331 912 1371 Herode
932 1344 1030 1384 rege
1049 1330 1180 1384 legati
1200 1329 1454 1370 nuntiauere
1466 1360 1479 1378 ,
1500 1342 1795 1382 percussorum

269 1418 368 1445 cum
389 1401 592 1455 Pompeio
612 1401 829 1441 foederum
851 1399 1055 1453 Sullaque
1074 1399 1351 1440 meminisset.
1384 1398 1510 1452 regiis
1530 1397 1701 1438 inhians
1721 1397 1795 1438 ille

271 1470 535 1519 thensauris,
572 1469 683 1510 nihil
709 1483 764 1509 ne
793 1469 1044 1522 imaginario
1074 1468 1245 1522 quidem
1273 1468 1389 1517 iure,
1427 1474 1491 1508 set
1513 1467 1730 1508 Seleuciae
1751 1481 1796 1507 se
1825 1474 1866 1507 15

270 1554 572 1595 responsurum
593 1553 682 1580 esse
703 1538 934 1592 respondit.
967 1538 1111 1591 itaque
1132 1537 1192 1578 dii
1220 1538 1437 1579 foederum
1456 1538 1614 1578 ultores
1634 1551 1713 1578 nec
1731 1536 1795 1577 in-

273 1610 390 1652 sidiis
411 1624 489 1650 nec
511 1608 663 1650 uirtuti
682 1608 871 1649 hostium
892 1608 1133 1649 defuerunt.
1166 1607 1253 1648 iam
1277 1607 1485 1661 primum,
1517 1607 1591 1660 qui
1618 1606 1734 1647 solus
1754 1612 1798 1646 et

274 1680 509 1721 subuehere
537 1684 795 1719 commeatus
825 1684 868 1717 et
894 1677 1060 1717 munire
1090 1683 1254 1730 poterat
1283 1692 1308 1717 a
1334 1684 1476 1730 tergo,
1507 1675 1680 1716 relictus
1709 1676 1796 1716 Eu·
1998 1717 2002 1727 Ι

272 1749 460 1803 phrates,
484 1749 589 1788 dum
604 1747 803 1788 simulato
820 1747 1064 1800 transfugae
1079 1744 1250 1786 cuidam
1264 1745 1458 1786 Mazarae
1475 1745 1581 1800 Syro
1596 1744 1796 1787 creditur.
1997 1741 2002 1788 l

275 1825 369 1859 tum
388 1818 434 1858 in
453 1817 637 1858 mediam
657 1831 903 1870 camporum
922 1816 1168 1857 uastitatem
1198 1816 1346 1856 eodem
1374 1816 1482 1855 duce
1508 1816 1662 1856 ductus
1682 1827 1798 1865 exer-
1826 1821 1870 1853 20

276 1887 409 1936 citus,
448 1894 497 1927 ut
532 1886 722 1940 undique
752 1884 866 1926 hosti
894 1892 1189 1939 exponeretur.
1229 1884 1373 1938 itaque
1409 1884 1591 1925 uixdum
1623 1889 1802 1924 uenerat

277 1956 474 2005 Carrhas,
498 1970 596 1996 cum
616 1956 805 2009 undique
831 1954 1034 2008 praefecti
1060 1955 1170 2009 regis
1202 1954 1360 1995 Silaces
1389 1960 1432 1995 et
1460 1953 1631 1995 Sirenas
1661 1959 1800 1994 osten·

277 2027 374 2068 dere
409 2026 531 2079 signa
566 2040 667 2066 auro
702 2025 929 2078 sericisque
962 2023 1134 2064 uexillis
1162 2023 1389 2064 uibrantia.
1434 2030 1538 2064 tunc
1565 2022 1656 2063 sine
1685 2035 1804 2062 mora

278 2095 522 2137 circumfusi
541 2094 729 2149 undique
750 2093 963 2147 equitatus
984 2093 1030 2132 in
1049 2093 1225 2132 modum
1243 2091 1464 2145 grandinis
1492 2098 1618 2144 atque
1638 2089 1802 2130 nimbo·

279 2179 374 2206 rum
401 2166 533 2205 densa
558 2164 715 2218 pariter
743 2164 828 2204 tela
856 2163 1072 2203 fuderunt.
1120 2161 1180 2202 sic
1210 2159 1439 2201 miserabili
1469 2167 1607 2213 strage
1637 2159 1802 2200 deletus
1830 2166 1874 2198 25

280 2234 506 2275 exercitus.
556 2234 646 2287 ipse
680 2233 727 2274 in
761 2231 1036 2285 conloquium
1070 2229 1321 2271 sollicitatus
1334 2261 1347 2279 ,
1385 2229 1507 2282 signo
1542 2229 1640 2269 dato
1674 2227 1805 2269 uiuus
1998 2273 2002 2279 ¹

280 2304 469 2344 hostium
483 2317 636 2344 manus
653 2301 886 2350 incidisset,
905 2300 988 2341 nisi
1006 2299 1185 2340 tribunis
1202 2298 1508 2340 reluctantibus
1525 2298 1669 2351 fugam
1685 2297 1805 2338 ducis
1999 2321 2002 2341 .

279 2372 446 2413 barbari
455 2372 563 2413 ferro
583 2378 874 2426 occupassent.
904 2370 979 2425 [sic
1001 2383 1166 2423 quoque
1181 2369 1363 2410 relatum
1372 2374 1499 2421 caput
1515 2366 1699 2408 ludibrio
1711 2367 1806 2408 hos·
1996 2363 1997 2366 '

286 2543 300 2574 1
322 2552 402 2574 cum
412 2555 466 2573 *u
486 2540 602 2584 (extra
618 2541 637 2572 2
655 2539 775 2585 manu)
794 2539 953 2573 uenisset
968 2547 992 2573 Β
1010 2539 1021 2585 Η
1039 2538 1199 2572 uenisset
1215 2550 1295 2572 cum
1313 2542 1350 2572 et
1372 2537 1498 2572 faleras
1521 2544 1554 2571 N
1568 2535 1579 2581 ΙΙ
1597 2537 1617 2569 2
1633 2533 1725 2568 habe
1740 2533 1808 2568 Pe-

266 2618 268 2620 >
286 2596 429 2630 trare-ha
446 2594 593 2629 historia
609 2594 701 2628 Iulii
719 2595 880 2629 Caesaris
902 2598 953 2637 18,
968 2598 1030 2630 522
1051 2595 1159 2628 habes
1175 2594 1258 2640 BNss
1277 2597 1296 2627 4
1314 2602 1406 2628 XLVI
1422 2601 1448 2628 B
1465 2593 1476 2638 Η
1494 2595 1513 2626 5
1532 2589 1810 2636 septentrionem

283 2660 315 2686 N
331 2652 342 2696 ll
360 2654 380 2685 6
399 2651 532 2685 uulnus
548 2658 573 2684 B
590 2650 601 2694 ss
620 2661 641 2683 a
656 2650 792 2694 phar-tis
807 2659 841 2684 N
854 2653 866 2697 ll
885 2654 904 2686 8
923 2652 991 2686 diis
1007 2660 1032 2686 B
1049 2651 1060 2697 ΙΙ
1083 2653 1121 2685 10
1142 2651 1256 2696 plebis
1272 2659 1305 2685 N
1326 2651 1337 2695 {1
1354 2648 1483 2683 Ateius
1505 2644 1767 2681 Freinshemius
1793 2645 1804 2689 ΙΙ

286 2711 476 2743 exuentem
491 2714 516 2740 B
534 2705 546 2751 11
563 2705 728 2739 hostibus
743 2714 768 2739 B
787 2706 797 2751 ΙΙ
819 2709 858 2741 12
876 2708 1030 2742 eufrates
1046 2716 1078 2742 N
1093 2707 1104 2752 ΙΙ
1121 2706 1379 2752 Nicephorium
1395 2703 1561 2740 Vineteoe:
1578 2700 1810 2745 nicephorum

286 2771 343 2798 BN
358 2763 369 2808 11
392 2764 432 2795 13
449 2762 558 2796 orode
581 2769 615 2796 Ν
629 2761 640 2807 11
659 2761 920 2797 denunciauere
945 2772 977 2797 N
1000 2764 1011 2808 ΙΙ
1040 2766 1078 2797 14
1104 2762 1264 2808 syllaque
1286 2769 1329 2802 B,
1355 2760 1552 2803 Sullamque
1575 2765 1608 2791 N
1622 2756 1633 2801 ΙΙ
1651 2768 1734 2790 num
1757 2761 1812 2790 set

288 2818 424 2864 regiis?
450 2818 461 2863 ΙΙ
482 2820 521 2869 15
546 2817 723 2852 thesauris
739 2826 764 2851 B
781 2818 792 2863 Η
811 2829 855 2851 ne
872 2830 927 2851 om
943 2826 976 2852 Ν
991 2820 1001 2863 Η
1025 2821 1062 2852 18
1080 2817 1211 2852 muniri
1227 2825 1252 2850 B
1270 2816 1280 2861 ΙΙ
1302 2819 1341 2850 19
1358 2825 1514 2849 mazzara
1529 2821 1562 2847 N
1576 2813 1587 2858 ss
1606 2815 1647 2847 20
1665 2818 1741 2846 tum
1759 2825 1814 2846 om

289 2883 313 2909 Β
331 2875 342 2919 11
362 2876 400 2908 21
433 2878 474 2908 ut
490 2886 545 2907 om
560 2881 589 2908 N
607 2873 618 2919 ΙΙ
637 2876 679 2908 22
697 2884 840 2920 syrenas
855 2881 888 2908 N
903 2873 914 2918 ΙΙ
932 2874 1145 2908 hostendere
1161 2881 1186 2906 B
1204 2874 1214 2917 Η
1233 2875 1276 2906 23
1295 2877 1371 2906 tum
1386 2878 1419 2905 N
1433 2870 1443 2915 ΙΙ
1463 2872 1503 2903 27
1523 2870 1559 2904 in
1577 2869 1735 2903 hostium
1750 2876 1781 2903 N
1798 2869 1809 2914 ΙΙ

292 2930 419 2964 incidit
435 2930 498 2963 sed
515 2929 584 2963 nisi
600 2938 633 2964 N
647 2929 658 2974 ΙΙ
