2002 3320
812 205 1087 235 rnfflano.
1619 197 1734 235 XLV

173 308 228 349 de
247 307 331 348 hac
350 321 396 348 re
415 305 695 349 statuendum
714 312 804 355 est,
836 304 997 347 scimus
1024 305 1114 347 iam
1143 306 1196 347 P.
1218 304 1416 347 Annium
1435 304 1613 347 Florum
1630 320 1731 362 poe-

173 384 265 419 tam
282 377 430 419 Africa
448 376 682 418 oriundum
701 375 816 418 ludis
836 375 1095 431 Capitolinis
1125 390 1153 418 a
1180 375 1432 418 Domitiano
1461 390 1620 420 corona
1642 377 1730 434 pri-

171 455 325 490 uatum
342 446 474 488 fuisse
484 478 498 497 ,
520 446 567 488 id
587 447 703 500 quod
721 446 838 488 intra
857 461 1021 488 annum
1038 461 1068 502 p
1088 446 1179 489 Chr
1201 449 1280 498 86,
1302 461 1387 502 quo
1406 446 1534 490 ludos
1554 447 1730 504 Capito-

170 517 282 560 linos
311 517 587 560 Domitianus
615 516 806 559 instituit
834 524 877 558 et
905 531 1070 559 annum
1090 520 1163 568 96,
1186 532 1271 572 quo
1289 517 1407 559 idem
1430 525 1625 560 mortuus
1645 525 1727 570 est,

170 575 332 630 factum
352 587 409 629 sit
436 602 610 630 necesse
639 595 718 630 est.
772 587 1126 642 indignabundus
1153 595 1282 644 poeta
1308 589 1452 630 Roma
1478 588 1629 630 relicta
1654 602 1730 644 per

168 657 308 700 uarias
330 664 462 700 terras
491 665 675 713 uagatus
705 657 890 713 denique
915 658 963 699 in
991 659 1097 700 urbe
1125 658 1367 714 Hispaniae
1396 659 1542 701 sedem
1569 659 1668 701 fixit
1686 667 1730 701 et

167 728 321 770 ludum
339 728 597 770 litterarium
617 728 799 784 aperuit.
831 728 945 770 hanc
963 729 1114 770 urbem
1134 729 1420 770 Tarraconem
1437 728 1595 779 fuisse,
1618 744 1728 784 quae

165 798 334 841 colonia
367 799 484 841 Iulia
511 799 683 842 Victrix
715 799 939 841 nominata
966 806 1031 841 est
1065 807 1109 841 et
1142 799 1324 855 legionis
1359 806 1505 842 sextae
1538 799 1728 842 uictricis

168 869 297 911 statio
317 869 426 920 fuit,
456 870 735 926 probabiliter
764 885 790 912 a
815 869 1056 912 Ritschelio
1075 871 1418 912 demonstratum
1437 877 1517 912 est.
1548 870 1611 912 ibi
1630 871 1727 912 Flo-

167 955 264 981 rum
284 940 416 981 etiam
436 941 516 982 sub
547 940 733 982 Traiano
761 947 1072 982 commoratum
1102 955 1193 983 esse
1223 941 1376 983 Dacici
1395 940 1630 996 triumphi,
1653 942 1729 996 qui

168 1025 281 1052 anno
300 1025 330 1065 p
360 1011 450 1052 Chr
482 1016 556 1052 101
590 1017 711 1051 actus
749 1018 830 1060 est,
861 1011 1211 1052 commemoratio
1238 1012 1377 1053 docet.
1428 1012 1547 1053 hunc
1576 1012 1726 1054 trium-

166 1081 304 1135 phum
323 1081 475 1122 Florus
505 1080 692 1122 carmine
719 1080 975 1131 celebrauit,
1007 1080 1044 1122 si
1071 1081 1246 1135 quidem
1274 1082 1536 1125 clarissimus
1565 1083 1640 1125 ille
1674 1085 1727 1125 de

165 1151 304 1192 Dacia
325 1151 593 1205 triumphus,
637 1151 719 1206 qui-
742 1151 791 1193 in
820 1151 940 1193 omni
967 1151 1059 1193 foro
1090 1152 1282 1204 exultat,
1313 1153 1377 1195 ita
1396 1153 1512 1195 Flori
1530 1154 1726 1196 uersibus

165 1236 272 1276 quos
301 1221 538 1263 concinunt
566 1222 744 1264 lectores
781 1222 1003 1277 iungitur,
1039 1229 1091 1264 ut
1128 1222 1215 1264 nisi
1250 1224 1304 1265 de
1339 1223 1536 1266 'carmine
1582 1225 1636 1267 ab
1675 1239 1725 1266 eo

163 1292 385 1347 conposito
423 1292 620 1348 intellegi
647 1300 848 1348 nequeat.
900 1293 988 1334 iam
1023 1308 1127 1335 uero
1164 1293 1400 1336 rectissime
1427 1295 1599 1337 monuit
1627 1295 1726 1338 Rit-

164 1363 350 1406 schelius
398 1364 567 1404 nullam
609 1378 783 1405 causam
833 1378 925 1406 esse
958 1379 1036 1406 cur
1074 1364 1194 1406 hunc
1228 1366 1281 1407 P.
1318 1365 1530 1420 Annium⁴
1549 1366 1725 1408 Florum

164 1441 337 1488 poetam
355 1448 445 1475 non
465 1434 651 1475 eundem
670 1448 762 1475 esse
782 1448 1031 1476 censeamus
1048 1450 1148 1476 cum
1173 1435 1321 1477 Annio
1349 1437 1477 1478 Floro
1517 1437 1591 1492 qui
1612 1437 1724 1479 Cha-

164 1504 267 1546 risio
297 1511 407 1546 teste
436 1505 492 1560 ad
519 1504 795 1545 Hadrianum
824 1504 1019 1560 scripsit,
1057 1520 1188 1560 quem
1219 1521 1310 1548 non
1337 1506 1559 1548 diuersum
1588 1522 1680 1549 esse
1700 1523 1726 1548 a

166 1575 293 1617 Floro
312 1582 464 1630 poeta,
496 1589 684 1629 quocum
701 1574 955 1617 Hadrianus
982 1575 1163 1617 ioculari
1183 1577 1373 1618 carmine
1393 1577 1601 1628 certauit,
1634 1592 1723 1620 om-

163 1660 241 1687 nes
271 1645 563 1687 consentiunt.
615 1646 692 1687 sed
720 1645 826 1700 quid
863 1645 951 1687 iam
978 1647 1031 1688 de
1061 1647 1114 1688 L.
1146 1646 1327 1689 Annaeo
1355 1649 1483 1690 Floro
1512 1648 1723 1703 epitomae

166 1716 369 1772 scriptore
388 1715 489 1758 fiet?
518 1730 647 1757 nemo
668 1715 786 1757 enim
805 1731 855 1758 eo
877 1731 1013 1771 usque
1034 1717 1288 1759 temeritatis
1318 1718 1638 1773 progredietur,
1675 1727 1726 1761 ut

162 1793 239 1828 aut
273 1787 392 1828 hunc
427 1788 479 1828 P.
509 1786 708 1828 Annium
742 1795 818 1829 aut
851 1788 979 1829 illum
1012 1789 1064 1830 L.
1095 1789 1328 1830 Annaeum
1356 1789 1604 1831 uocandum
1632 1804 1723 1832 esse

164 1863 314 1899 contra
333 1871 481 1898 omnes
501 1857 634 1898 libros
662 1864 879 1907 autumet3
922 1858 1173 1913 praesertim
1202 1874 1302 1901 cum
1330 1859 1405 1902 ille
1434 1859 1526 1915 ipse
1556 1860 1608 1902 L.
1632 1861 1723 1902 An-

162 1942 298 1970 naeus
317 1927 471 1970 Florus
491 1927 579 1969 iam
597 1927 786 1969 incertus
806 1927 946 1970 factus
967 1928 1038 1970 sit.
1480 1966 1486 1971 .

278 1998 335 2039 In
353 2003 394 2039 B
413 1997 530 2040 enim
558 1998 742 2053 scriptor
766 1997 977 2054 epitomae
1006 1999 1146 2041 Iulius
1173 1999 1326 2041 Florus
1355 2000 1492 2043 audit.
1550 2000 1724 2056 Lipsius

163 2068 336 2124 quidem
364 2069 596 2110 electorum
618 2070 682 2119 II,
705 2074 727 2110 5
759 2084 804 2111 se
830 2070 1063 2111 Annaeum
1091 2071 1268 2112 Florum
1296 2085 1397 2112 cum
1424 2071 1573 2126 priscis
1603 2072 1723 2114 libris

163 2139 412 2194 scriptorem
430 2139 652 2181 nominare
672 2154 802 2194 quam
821 2140 986 2182 Iulium
1003 2140 1133 2182 malle
1154 2141 1215 2183 ait
1226 2157 1238 2191 ;
1262 2143 1379 2183 unde
1399 2142 1722 2184 Freinshemius

162 2208 321 2264 aliique
358 2217 567 2266 putarunt
605 2210 801 2265 Lipsium
829 2211 934 2252 Iulii
960 2225 1122 2254 nomen
1146 2211 1194 2253 in
1222 2212 1439 2253 codicibus
1467 2212 1725 2266 quibusdam

161 2279 471 2334 praescriptum
495 2279 729 2322 inuenisse.
760 2287 806 2321 at
825 2279 862 2321 is
882 2281 1151 2335 Raphaelem
1167 2282 1499 2323 Volaterranum
1517 2282 1722 2336 respexit,

162 2348 236 2403 qui
265 2356 482 2391 comment
520 2351 599 2392 urb
631 2351 745 2393 XVI
787 2349 998 2404 epitomae
1034 2351 1283 2405 scriptorem
1317 2351 1458 2392 filium
1486 2367 1578 2394 esse
1616 2353 1721 2394 Iulii

162 2419 622 2464 FloriaQuinctiliano
631 2420 854 2462 memorati
874 2420 1114 2475 suspicatus
1135 2428 1214 2463 est.
1239 2429 1452 2476 quantum
1461 2436 1564 2464 uero
1573 2422 1723 2464 trium-

160 2489 296 2545 phum
309 2497 468 2544 ageret,
491 2490 527 2531 si
539 2490 643 2531 Iulii
663 2492 698 2532 F
699 2491 780 2532 lon
799 2505 958 2532 nomen
978 2491 1024 2531 in
1045 2491 1188 2533 codice
1208 2492 1404 2534 omnium
1420 2492 1582 2548 optimo
1601 2493 1722 2534 inue-

159 2560 245 2601 11111
263 2560 524 2614 conperisset
557 2560 808 2602 Franciscus
840 2561 882 2602 N
886 2561 1047 2602 icolaus
1086 2562 1273 2604 Titzius!
1321 2563 1392 2604 0111
1421 2578 1521 2605 011111
1540 2563 1587 2604 111
1606 2578 1725 2605 111011-

162 2636 248 2671 tem
275 2630 471 2672 -uenisset
504 2630 622 2671 1111110
656 2631 814 2672 1111111111
849 2631 1056 2686 scriptum
1090 2647 1182 2683 esse
1203 2648 1228 2675 a
1253 2634 1367 2675 Iulio
1397 2634 1523 2675 Floro
1551 2634 1725 2676 Horatii

161 2700 297 2742 amico
310 2733 322 2751 ‚
346 2701 533 2755 primum
566 2701 614 2742 in
634 2701 957 2755 quaestionibus
991 2703 1044 2744 de
1071 2703 1277 2758 epitomes
1312 2711 1453 2745 aetate
1473 2704 1723 2759 probabilis-

162 2769 285 2820 sima,
307 2786 411 2813 uero
431 2779 626 2823 auctore,
650 2773 828 2827 antiqua
847 2773 999 2824 forma,
1022 2787 1137 2815 anno
1157 2787 1375 2816 1100001111
1397 2775 1538 2824 editis,
1563 2781 1657 2814 tum
1676 2773 1723 2814 in

162 2840 348 2882 editione
378 2856 508 2896 quam
536 2857 650 2884 anno
681 2857 962 2886 Mncccxvnn
992 2844 1187 2894 curauit,
1226 2844 1484 2886 sententiam
1512 2857 1636 2884 suam
1662 2842 1724 2883 ita

160 2917 408 2964 persecutus
442 2919 530 2963 est,
563 2920 614 2955 ut
648 2927 940 2969 quaecumque
967 2922 1107 2957 aetate
1136 2914 1328 2969 Augusti
1347 2913 1526 2967 indigna
1546 2912 1586 2954 ei
1606 2912 1723 2954 uide-
