2002 3320
147 918 193 955 υ,
218 905 266 945 18

291 242 343 281 54
934 229 1029 284 {vm
1050 256 1179 285 nom

288 367 383 393 rum
418 360 460 393 et
493 351 703 405 praesidia
737 352 957 406 adgressus
971 385 985 404 ‚
1031 354 1262 396 Claudium
1296 354 1561 396 Vnimanum
1594 367 1729 408 paene
1767 355 1821 395 ad

287 421 621 462 internecionem
656 421 865 464 exercitus
900 423 1052 464 cecidit
1086 430 1128 464 et
1163 424 1349 478 insignia
1381 423 1537 465 trabeis
1565 429 1608 464 et
1636 423 1821 465 fascibus

286 490 440 532 nostris
461 505 568 544 quae
589 498 756 544 ceperat
776 490 822 531 in
851 491 1068 532 montibus
1089 492 1176 533 suis
1197 499 1369 546 tropaea
1386 493 1497 534 fixit.
1530 493 1704 534 tandem
1724 507 1821 533 eum

285 561 373 601 iam
388 560 544 601 Fabius
566 560 783 601 Maximus
800 560 950 600 consul
966 567 1252 614 oppresserat3
1276 563 1387 602 seda
1399 575 1636 603 successore
1654 562 1822 616 Popilio

286 629 448 670 uiolata
467 629 646 670 uictoria
667 636 745 670 est.
774 628 931 684 quippe
950 630 1025 684 qui
1040 630 1328 672 conficiendae
1347 630 1408 671 rei
1428 631 1624 685 cupidus,
1642 632 1824 672 fractum
1846 640 1866 672 5

286 700 438 740 (11100111
458 706 500 739 01
521 706 710 740 extrema
730 699 957 740 deditionis
989 699 1222 754 agitantem
1251 714 1326 754 per
1354 701 1547 741 fraudem
1574 708 1617 742 et
1645 701 1821 743 insidias

287 776 329 810 01
348 769 600 810 domesticos
620 783 884 823 percussores
905 770 1127 823 adgressus
1139 801 1151 819 ,
1175 770 1286 810 hanc
1306 769 1420 811 hosti
1439 769 1617 824 gloriam
1636 770 1754 812 dedit
1772 779 1821 812 ut

285 838 500 880 uideretur
521 838 644 880 aliter
664 838 781 880 uinci
801 854 889 881 non
908 855 1045 895 posse.

397 910 636 951 Numantia
674 917 883 964 quantum
921 911 1194 966 Carthaginis
1233 914 1405 968 Capuae
1443 910 1641 954 Corinthi
1671 911 1820 967 opibus

285 980 480 1030 inferior,
513 980 574 1021 ita
593 980 766 1022 uirtutis
787 980 959 1022 nomine
981 988 1023 1022 et
1044 981 1205 1023 honore
1225 996 1301 1037 par
1330 982 1550 1032 omnibus,
1584 996 1819 1024 summum—

284 1065 381 1104 que,
405 1050 441 1091 si
461 1065 562 1091 uero
583 1050 795 1099 aestimes,
819 1050 1058 1104 Hispaniae
1078 1053 1221 1093 decus.
1256 1053 1413 1106 quippe
1434 1065 1541 1106 quae
1565 1051 1657 1092 sine
1677 1066 1818 1103 muro,

284 1120 374 1161 sine
395 1120 599 1170 turribus,
632 1120 796 1161 modice
825 1120 939 1161 edito
968 1121 1015 1162 in
1042 1122 1209 1163 tumulo
1239 1130 1342 1176 aput
1377 1122 1538 1162 flumen
1569 1120 1666 1171 sita,
1698 1128 1818 1176 quat-

284 1198 378 1231 tuor
405 1189 578 1231 milibus
600 1190 909 1231 Celtiberorum
929 1191 1210 1246 quadraginta
1230 1191 1463 1233 exercitum
1482 1205 1557 1246 per
1577 1205 1710 1232 annos
1739 1205 1818 1232 un-

285 1260 422 1300 decim
447 1261 537 1301 sola
566 1259 792 1309 sustinuit,
815 1274 894 1301 nec
914 1260 1120 1302 sustinuit
1145 1263 1286 1311 modo,
1311 1262 1385 1302 sed
1411 1260 1579 1302 saeuius
1602 1259 1819 1314 aliquanto

283 1330 464 1383 perculit
484 1328 779 1383 pudendisque
798 1329 1037 1371 foederibus
1060 1331 1228 1372 adfecit.
1263 1330 1518 1380 nouissime,
1555 1343 1655 1371 cum
1682 1330 1817 1372 inuic-

283 1407 372 1440 tam
393 1414 483 1440 esse
504 1406 730 1447 constaret,
754 1413 859 1453 opus
880 1400 962 1441 fuit
983 1415 1031 1442 eo
1052 1401 1126 1455 qui
1142 1399 1446 1453 Carthaginem
1465 1406 1688 1450 euerterat-

396 1469 497 1509 Non
518 1475 675 1508 temere
687 1500 700 1518 ,
724 1467 760 1509 si
779 1468 902 1510 fateri
922 1470 1022 1511 licet
1036 1502 1049 1520 ,
1072 1470 1203 1511 ullius
1224 1483 1353 1509 causa
1371 1466 1475 1509 belli
1494 1468 1708 1510 iniustior.
1743 1470 1817 1510 Se·

283 1538 505 1592 gidenses,
539 1538 672 1579 socios
704 1545 746 1579 et
766 1540 1106 1594 consanguineos
1136 1554 1264 1589 suos,
1296 1540 1589 1580 Romanorum
1619 1538 1817 1580 manibus

284 1609 467 1662 elapsos,
491 1614 777 1661 susceperant.
798 1608 946 1650 habita
965 1623 1041 1664 pro
1061 1610 1129 1651 his
1151 1608 1390 1663 deprecatio
1410 1608 1522 1649 nihil
1542 1607 1694 1649 ualuit.
1719 1622 1817 1649 cum

283 1693 327 1719 se
350 1679 401 1719 ab
423 1677 540 1718 omni
558 1678 769 1718 bellorum
789 1679 1042 1734 contagione
1062 1684 1346 1728 remouerent,
1369 1678 1416 1719 in
1435 1677 1617 1732 legitimi
1635 1677 1814 1719 foederis

281 1748 468 1802 pretium
488 1747 594 1788 iussi
615 1762 733 1788 arma
753 1749 976 1802 deponere.
1001 1747 1082 1788 hoc
1102 1747 1163 1789 sic
1184 1762 1209 1789 a
1227 1748 1414 1789 barbaris
1435 1753 1672 1802 acceptum,
1696 1747 1816 1801 quasi

283 1832 436 1858 manus
459 1818 791 1858 absciderentur.
825 1818 970 1872 itaque
1001 1817 1148 1858 statim
1168 1816 1441 1872 Megarauico
1460 1815 1691 1858 fortissimo
1711 1816 1817 1857 duce

282 1889 334 1928 ad
365 1901 480 1927 arma
513 1887 720 1928 conuersi.
763 1887 1015 1942 Pompeium
1047 1887 1208 1940 proelio
1239 1887 1451 1941 adgressi,
1488 1886 1636 1927 foedus
1671 1892 1816 1927 tamen

280 1958 526 1998 maluerunt
538 1988 550 2006 ,
575 1971 673 1997 cum
693 1957 903 1998 debellare
922 1956 1177 2011 potuissent.
1213 1956 1454 1997 Hostilium
1473 1955 1628 1996 deinde
1650 1955 1815 1996 Manci-

280 2041 388 2067 num
412 2027 528 2066 hunc
557 2041 724 2080 quoque
754 2026 935 2067 assiduis
957 2025 1156 2066 caedibus
1186 2026 1448 2079 subegerunt
1461 2056 1474 2073 ,
1507 2031 1557 2064 ut
1586 2038 1641 2064 ne
1671 2025 1814 2065 oculos

281 2097 453 2151 quidem
474 2103 548 2136 aut
568 2110 718 2136 uocem
738 2095 998 2137 Numantini
1027 2094 1111 2135 uiri
1141 2093 1367 2148 quisquam
1394 2092 1636 2147 sustineret.
1670 2100 1814 2134 tamen

281 2181 379 2207 cum
398 2166 479 2206 hoc
500 2180 667 2219 quoque
687 2165 835 2206 foedus
863 2165 1077 2213 maluere,
1116 2163 1307 2204 contenti
1339 2176 1553 2204 armorum
1581 2161 1812 2211 manubiis,

280 2250 379 2276 cum
399 2237 452 2276 ad
472 2235 806 2276 internecionem
837 2234 998 2276 saeuire
1025 2233 1280 2287 potuissent.
1325 2233 1400 2273 sed
1427 2246 1515 2272 non
1544 2231 1688 2272 minus
1719 2231 1763 2272 N
1765 2245 1813 2272 u-

281 2305 465 2346 mantini
501 2318 629 2359 quam
664 2303 849 2346 Caudini
883 2295 999 2345 illius
1035 2302 1213 2343 foederis
1248 2302 1433 2356 flagrans
1468 2300 1704 2355 ignominia
1739 2305 1813 2341 aut

286 2494 299 2525 1
321 2498 357 2525 01
373 2503 428 2525 om
445 2499 478 2525 N
492 2492 503 2537 Η
521 2493 698 2537 praesidia
713 2492 905 2527 Halmius:
930 2492 1147 2538 praesidium
1170 2499 1228 2526 ΒΝ
1243 2491 1255 2536 11
1272 2490 1530 2524 11111111011111111111
1553 2492 1579 2523 Β
1597 2487 1608 2534 ΙΙ
1626 2490 1646 2522 2
1663 2489 1810 2522 interni-

280 2548 415 2582 tionem
431 2556 456 2581 Β
474 2547 484 2592 ΙΙ
504 2548 632 2582 cecidit
649 2553 684 2582 et
700 2546 964 2582 Freinshemius
976 2561 988 2580 :
1011 2547 1197 2582 cecidisset
1213 2559 1268 2581 om
1283 2553 1343 2580 BN
1356 2546 1367 2591 ΙΙ
1387 2548 1407 2579 3
1432 2544 1512 2579 fixit
1527 2543 1811 2578 Frdmhemius:

281 2604 418 2638 fixisset
440 2611 499 2637 ΒΝ
512 2604 524 2649 ΙΙ
541 2605 561 2636 4
574 2614 655 2636 eum
672 2603 741 2637 iam
758 2603 928 2637 Halmius
940 2617 951 2636 :
977 2603 1084 2638 etiam
1097 2610 1156 2637 BN
1170 2602 1181 2648 u
1199 2605 1399 2647 opresserat
1413 2608 1447 2634 N
1461 2600 1472 2646 ss
1489 2598 1624 2644 populo
1638 2606 1664 2632 Β
1681 2598 1692 2643 ΙΙ
1712 2599 1732 2631 8
1748 2609 1810 2642 po-

279 2660 390 2694 tuisse
415 2667 447 2693 N
462 2658 473 2704 ΙΙ
491 2667 643 2693 xxxnn
670 2667 821 2693 BELLVM
839 2667 1098 2694 smmi-mvn
1114 2666 1156 2700 B,
1181 2665 1334 2693 BELLVM
1359 2658 1617 2691 NVMANTINVM
1639 2661 1673 2687 N
1687 2653 1698 2699 ΙΙ
1720 2655 1757 2687 11
1778 2653 1808 2687 si

280 2716 377 2750 uiros
392 2723 427 2750 N
440 2715 452 2760 11
474 2716 512 2748 12
530 2714 685 2748 Durium
702 2717 787 2758 post
809 2713 941 2748 flumen
967 2714 1038 2748 add
1060 2714 1126 2748 edd
1148 2716 1221 2747 vett
1236 2713 1247 2758 ΙΙ
1266 2712 1370 2746 silata
1384 2719 1416 2746 Ν
1431 2710 1442 2755 ΙΙ
1463 2712 1503 2744 14
1521 2708 1807 2754 quattuordecim

279 2780 311 2806 Ν
327 2773 338 2817 Η
360 2774 400 2805 16
418 2782 508 2816 opus
524 2769 594 2805 fuit
611 2779 753 2814 quoque
777 2779 818 2802 eo
834 2776 868 2802 Ν
882 2769 892 2813 ΙΙ
913 2771 952 2802 17
964 2773 1094 2803 temere
1111 2773 1167 2803 est
1182 2768 1286 2803 fateri
1301 2775 1326 2802 Β
1343 2766 1355 2812 ΙΙ
1373 2764 1551 2811 egidesses
1568 2763 1599 2804 b,
1620 2763 1807 2808 egidenses

282 2836 307 2862 B
324 2827 336 2873 l!
358 2829 397 2861 18
415 2827 601 2872 sociosque
617 2830 654 2860 et
668 2831 693 2859 B
711 2824 722 2870 ΙΙ
739 2835 823 2859 suos
848 2835 903 2857 om
919 2831 952 2857 Ν
966 2823 977 2868 ἸΙ
999 2824 1039 2856 19
1056 2824 1278 2868 susciperant
1292 2830 1336 2863 Β,
1368 2818 1581 2864 exceperant
1602 2826 1637 2853 N
1650 2818 1661 2863 ΙΙ
1679 2819 1730 2853 eis
1746 2824 1780 2853 N
1793 2818 1804 2863 ΙΙ

284 2886 327 2917 20
344 2882 514 2928 legitimis
530 2890 555 2916 Β
572 2881 583 2927 11
602 2884 641 2916 21
670 2884 852 2925 receptum
868 2886 901 2913 N
915 2878 926 2923 ΙΙ
945 2880 987 2912 22
1011 2887 1154 2923 megara
1179 2879 1276 2912 uicto
1292 2885 1325 2911 N
1338 2876 1350 2921 ΙΙ
1368 2877 1411 2910 23
1428 2873 1556 2920 promo
1581 2882 1606 2908 Β
1623 2873 1634 2919 ΙΙ
1653 2876 1696 2908 25
1713 2874 1809 2908 1111110

284 2950 428 2984 quoque
437 2937 621 2973 deleaerim
639 2936 650 2982 ΙΙ
668 2935 983 2980 itasubegeruntzv
997 2933 1008 2979 ss
1028 2932 1345 2967 281nternitionem
1358 2939 1382 2965 Β
1399 2930 1410 2976 ss
1429 2932 1471 2964 29
1481 2929 1650 2964 cautinis
1667 2929 1679 2975 n
1696 2937 1779 2964 ecN
1793 2929 1804 2974 ΙΙ

1850 990 1893 1023 10

1847 1338 1890 1371 15

1844 1685 1888 1718 20

1842 2031 1887 2064 25

1994 3275 2002 3320 ...η
1995 3214 2000 3219 ι
1999 3169 2002 3172 Δ
