2002 3320
286 212 420 250 XLVI
933 219 1197 249 PRAEFArio.

287 328 436 362 rentur
465 327 684 375 tamquam
719 320 772 361 ab
809 319 1111 374 interpolatore
1144 320 1332 375 profecta
1369 327 1575 362 resecaret
1610 327 1836 375 tantasque

287 392 373 433 late
394 397 554 444 strages
575 391 741 440 ederet,
774 397 824 431 ut
853 390 1029 431 Florum
1058 390 1105 430 in
1132 390 1225 445 ipso
1245 391 1370 432 Floro
1389 390 1638 445 requireres.
1691 392 1766 432 sed
1785 392 1838 432 de

288 462 369 502 hoc
390 466 630 502 commento
649 473 737 499 non
758 474 864 514 opus
885 467 949 501 est
964 460 1160 515 pluribus
1176 460 1329 510 dicere,
1352 461 1597 515 praesertim
1613 468 1839 516 postquam

290 531 529 572 Meinertus
551 529 773 571 annalium
788 529 1187 571 Vindobonensium
1207 531 1426 572 uolumine
1446 545 1597 573 xxv111
1618 547 1646 587 p
1668 535 1743 573 169
1763 546 1841 586 sqq

292 608 334 642 et
355 600 612 643 Gossrauius
642 600 689 640 in
719 599 1015 640 dissertatione
1043 600 1095 639 de
1122 600 1238 641 Flori
1265 615 1348 654 qua
1375 601 1531 643 uixerit
1558 588 1703 643 aetate*
1725 616 1839 643 anno

290 684 593 713 mncccxxxvu
616 668 930 723 Quedlinburgi
952 668 1066 709 edita
1093 683 1187 710 eam
1214 670 1451 712 accuratius
1479 672 1769 713 confutarunt.
1796 671 1836 712 ei

289 742 372 783 loci
392 756 517 791 uero,
542 741 696 795 quibus
719 739 882 781 Titzius
901 738 1173 793 potissimum
1192 754 1296 781 usus
1316 746 1395 790 est,
1419 741 1455 782 si
1474 756 1562 783 non
1584 744 1638 784 ad
1657 748 1840 783 aetatem

292 811 408 853 Flori
429 810 730 860 definiendam,
761 816 903 850 tamen
933 810 987 850 ad
1016 809 1225 850 iudicium
1245 810 1296 850 de
1326 809 1417 851 eius
1436 812 1667 864 prudentia
1686 818 1729 853 et
1756 813 1842 853 fide

290 881 491 923 historica
511 882 733 921 ferendum
752 879 1046 921 memorabiles
1073 886 1188 921 sunt.
1245 879 1407 921 scilicet
1425 895 1524 923 cum
1543 882 1589 922 in
1608 883 1733 923 rebus
1753 883 1840 923 Ro-

291 951 439 993 manisn
459 965 594 1005 usque
625 952 679 992 ad
698 950 887 1004 Augusti
908 957 1098 1004 tempora
1116 950 1345 991 referendis
1367 964 1436 991 eos
1458 958 1648 993 auctores
1670 958 1842 993 secutus

293 1022 349 1064 sit
384 1021 459 1076 qui
498 1021 558 1063 eis
593 1020 697 1075 ipsis
734 1020 994 1075 temporibus
1029 1020 1231 1061 uixerunt
1242 1052 1256 1071 ,
1294 1035 1344 1061 ea
1378 1036 1544 1076 quoque
1579 1021 1845 1076 transcripsit

293 1107 401 1148 quae
421 1091 610 1146 Augusti
631 1090 804 1145 quidem
831 1097 1019 1144 tempore
1047 1105 1150 1131 uera
1176 1097 1319 1140 erant,
1356 1091 1573 1132 Hadriani
1601 1107 1690 1134 non
1719 1092 1839 1134 item.

294 1177 475 1218 quorum
503 1160 752 1216 primarium
782 1166 847 1202 est
874 1161 988 1214 quod
1016 1160 1063 1201 in
1097 1161 1338 1202 narratione
1366 1163 1418 1203 de
1449 1162 1567 1204 clade
1597 1162 1787 1205 Variana
1813 1176 1842 1216 p

299 1236 374 1274 119
390 1264 403 1282 ,
430 1235 478 1272 21
502 1231 630 1272 refert
655 1227 797 1286 ‘siqua
826 1236 868 1272 et
893 1231 1061 1285 aquilas
1093 1232 1200 1272 duas
1229 1231 1369 1273 adhuc
1391 1232 1567 1273 barbari
1579 1227 1840 1286 possidens,

295 1317 395 1344 cum
424 1316 478 1343 ex
509 1301 650 1342 Taciti
678 1301 905 1342 annalibus
937 1302 984 1351 Ι,
1021 1305 1088 1341 60.
1122 1301 1196 1350 ΙΙ,
1231 1306 1282 1341 25
1314 1309 1481 1343 constet
1511 1317 1536 1344 a
1565 1302 1770 1346 Stertinio
1801 1309 1844 1343 et

295 1371 552 1415 Germanico
581 1378 730 1426 postea
756 1372 833 1412 has
863 1372 969 1412 duas
1001 1370 1164 1425 aquilas
1190 1378 1457 1425 recuperatas
1495 1387 1602 1414 esse.
1653 1373 1767 1414 idem
1797 1371 1844 1413 in

295 1442 576 1497 descriptione
613 1441 873 1495 Campaniae
907 1455 936 1495 p
973 1444 1051 1490 20,
1095 1446 1141 1481 17
1179 1441 1502 1482 Herculaneum
1536 1449 1580 1483 et
1619 1442 1844 1497 Pompeios

296 1518 597 1554 commemorat
631 1511 753 1566 quasi
789 1517 958 1561 extent,
998 1510 1194 1565 quamuis
1230 1510 1471 1552 Vesuuium
1509 1511 1692 1553 Aetnaei
1731 1511 1845 1567 ignis

295 1582 555 1636 imitatorem
583 1589 732 1631 uocet;
766 1581 847 1622 hoc
876 1581 1039 1622 scilicet
1066 1596 1192 1622 nemo
1222 1581 1451 1624 Hadriani,
1473 1581 1733 1636 temporibus
1771 1596 1845 1623 ne-

297 1653 402 1695 scire
423 1652 586 1707 potuit,
610 1659 799 1693 ceterum
830 1651 921 1692 sine
951 1651 1080 1692 dubio
1111 1651 1360 1706 scriptorem
1381 1651 1665 1706 antiquiorem
1684 1652 1846 1707 incogi-

297 1730 437 1764 tanter
458 1729 629 1763 secutus
651 1729 728 1763 est.
772 1722 889 1762 hunc
919 1722 1114 1763 Plinium
1144 1721 1275 1763 fuisse
1304 1721 1542 1763 Meinertus
1571 1722 1848 1777 probabiliter

297 1793 549 1847 suspicatur.
603 1791 773 1833 Plinius
809 1791 926 1832 enim
946 1793 998 1832 de
1020 1791 1258 1844 Campania
1293 1792 1393 1842 III,
1434 1797 1483 1842 5,
1516 1797 1538 1831 9
1567 1787 1636 1833 ‘ut
1671 1786 1843 1833 ueterea’

291 1859 372 1904 ‘ait
404 1862 549 1904 dixere
584 1876 792 1903 summum
820 1861 972 1903 Liberi
990 1861 1136 1915 patris
1158 1876 1250 1903 cum
1277 1863 1426 1903 Cerere
1455 1867 1665 1903 certamen
1680 1856 1714 1911 ’,·
1747 1862 1845 1903 Flo-

297 1948 369 1974 rus
391 1948 492 1973 uero
511 1947 540 1986 p
563 1937 631 1981 20,
661 1938 706 1973 11
733 1933 785 1973 de
806 1933 954 1972 eadem
980 1926 1103 1972 t‘ideo'
1126 1931 1268 1986 inquit
1284 1928 1455 1972 ‘Liberi
1477 1931 1723 1986 Cererisque
1757 1946 1846 1973 cer-

301 2009 439 2045 tamen
468 1996 664 2043 dicitur-³.
710 2016 969 2056 quamquam
990 2001 1106 2042 enim
1135 2002 1455 2042 concedendum
1485 2007 1549 2042 est
1585 2001 1775 2055 potuisse
1803 2001 1848 2042 id

298 2074 475 2115 Florum
503 2086 556 2113 ex
586 2071 746 2112 eisdem
773 2072 990 2112 ueteribus
1036 2071 1280 2112 auctoribus
1310 2072 1529 2112 desumere
1574 2070 1726 2124 quibus
1758 2071 1847 2113 Pli-

298 2143 396 2184 nius
418 2157 520 2183 usus
542 2148 621 2191 est,
645 2147 788 2182 tamen
808 2141 854 2181 in
876 2141 953 2182 tali
973 2141 1174 2195 scriptore
1194 2141 1275 2181 hoc
1295 2155 1567 2194 nequaquam
1596 2140 1688 2181 ueri
1708 2140 1847 2182 simile

299 2219 378 2254 est.
425 2219 519 2253 tum
549 2211 585 2252 si
613 2226 642 2266 p
677 2216 753 2261 14,
789 2215 840 2251 24
889 2210 950 2252 ait
982 2207 1112 2252 ‘idem
1143 2217 1240 2252 tunc
1268 2211 1480 2252 Faesulae
1511 2211 1624 2266 quod
1654 2210 1850 2252 Carrhae

298 2297 458 2337 nuper,
488 2281 599 2323 idem
628 2296 771 2323 nemus
792 2281 1020 2323 Aricinum
1040 2282 1153 2335 quod
1170 2280 1416 2336 Hercynius
1435 2281 1570 2322 saltus
1582 2311 1596 2330 ,
1627 2281 1850 2335 Freqellae

299 2353 415 2407 quod
437 2351 759 2402 caesoriacum,
796 2350 958 2392 Tiberis
978 2351 1091 2406 quod
1116 2346 1401 2404 Euphrates',
1434 2356 1608 2404 apparet
1638 2365 1728 2391 non
1757 2364 1848 2392 esse

300 2423 588 2475 argutandum
607 2421 655 2462 in
683 2421 892 2462 uocabulo
922 2435 1078 2475 nuper,
1110 2422 1184 2462 sed
1214 2421 1389 2462 Florum
1418 2435 1469 2461 ea
1498 2433 1847 2461 commemorasse

299 2498 519 2545 tamquam
559 2491 829 2545 nuperrima,
868 2505 976 2545 quae
1013 2490 1104 2533 eius
1136 2490 1337 2545 temporis
1368 2497 1470 2531 sunt
1505 2491 1619 2544 quod
1644 2489 1847 2530 ultimum

299 2560 535 2614 descripsit.
575 2561 636 2601 ita
665 2562 850 2602 Carrhae
869 2568 1159 2602 memorantur
1186 2575 1215 2614 p
1239 2565 1307 2611 74,
1334 2563 1409 2610 22,
1441 2558 1685 2614 Hercynius
1713 2559 1846 2600 saltus

298 2645 327 2685 p
353 2635 447 2680 118,
473 2635 550 2680 22,
589 2631 886 2672 Caesoriacum
912 2646 940 2685 p
966 2635 1060 2681 118,
1085 2635 1164 2681 20,
1196 2630 1435 2685 Euphrates
1464 2644 1493 2683 p
1516 2632 1584 2678 66,
1610 2633 1649 2669 8.
1682 2628 1848 2670 minora

299 2700 476 2750 omitto,
512 2700 713 2755 quoniam
743 2701 848 2741 haec
879 2701 1098 2742 sufficiunt
1128 2708 1178 2742 ut
1221 2701 1496 2754 intellegatur
1534 2712 1663 2752 quam
1699 2698 1846 2739 incon-

299 2771 412 2812 sulto
433 2771 571 2812 fontes
602 2785 700 2812 suos
734 2771 885 2811 Florus
915 2777 1086 2810 secutus
1117 2770 1187 2811 sit.
1236 2770 1303 2811 his
1342 2768 1475 2823 igitur
1502 2767 1644 2808 missis
1674 2782 1774 2808 cum
1793 2769 1845 2809 de

300 2841 412 2882 Iulio
433 2841 583 2891 Floro,
607 2840 749 2883 Porcii
768 2838 967 2882 Latronis
988 2839 1222 2893 discipulo,
1253 2839 1327 2893 qui
1356 2853 1380 2879 a
1410 2838 1573 2879 Seneca
1604 2844 1845 2879 controuer—

299 2911 362 2952 sia
383 2915 434 2952 25
455 2926 484 2965 p
508 2915 587 2953 310
610 2911 731 2954 Gron
751 2917 794 2952 et
814 2925 839 2951 a
872 2908 1167 2954 Quinctiliano
1197 2909 1267 2957 X,
1303 2912 1324 2948 3
1343 2939 1355 2957 ,
1396 2911 1444 2948 13
1474 2914 1843 2957 commemoratur,
