<?xml version="1.0" encoding="UTF-8"?>
<!DOCTYPE html PUBLIC "-//W3C//DTD XHTML 1.0 Transitional//EN"
    "http://www.w3.org/TR/xhtml1/DTD/xhtml1-transitional.dtd">
<html xmlns="http://www.w3.org/1999/xhtml" xml:lang="en" lang="en">
 <head>
  <title>
</title>
<meta http-equiv="Content-Type" content="text/html;charset=utf-8" />
  <meta name='ocr-system' content='tesseract 3.04.00' />
  <meta name='ocr-capabilities' content='ocr_page ocr_carea ocr_par ocr_line ocrx_word'/>
</head>
<body>
  <div class='ocr_page' id='page_1' title='image "./epitomaedetitol00floruoft_0040.png"; bbox 0 0 2002 3320; ppageno 0'>
   <div class='ocr_carea' id='block_1_1' title="bbox 275 221 1175 259">
    <p class='ocr_par' dir='ltr' id='par_1_1' title="bbox 275 221 1175 259">
     <span class='ocr_line' id='line_1_1' title="bbox 275 221 1175 259; baseline 0 -2"><span class='ocrx_word' id='word_1_1' title='bbox 275 221 451 258; x_wconf 90' lang='lat' dir='ltr'><strong>XXXVI</strong></span> <span class='ocrx_word' id='word_1_2' title='bbox 913 229 1175 259; x_wconf 72' lang='lat' dir='ltr'>PRAEFA&#39;rlo.</span> 
     </span>
    </p>
   </div>
   <div class='ocr_carea' id='block_1_2' title="bbox 265 328 1879 2976">
    <p class='ocr_par' dir='ltr' id='par_1_2' title="bbox 265 328 1879 2976">
     <span class='ocr_line' id='line_1_2' title="bbox 275 328 1879 384; baseline 0.001 -15"><span class='ocrx_word' id='word_1_3' title='bbox 275 335 446 370; x_wconf 83' lang='lat' dir='ltr'>tantum</span> <span class='ocrx_word' id='word_1_4' title='bbox 466 329 627 370; x_wconf 86' lang='lat' dir='ltr'>librarii</span> <span class='ocrx_word' id='word_1_5' title='bbox 646 328 886 370; x_wconf 83' lang='lat' dir='ltr'>mutilatus.</span> <span class='ocrx_word' id='word_1_6' title='bbox 928 329 1016 371; x_wconf 87' lang='lat' dir='ltr'>iam</span> <span class='ocrx_word' id='word_1_7' title='bbox 1044 344 1146 371; x_wconf 88' lang='lat' dir='ltr'>uero</span> <span class='ocrx_word' id='word_1_8' title='bbox 1174 335 1214 371; x_wconf 90' lang='lat' dir='ltr'><em>B</em></span> <span class='ocrx_word' id='word_1_9' title='bbox 1240 336 1388 384; x_wconf 82' lang='lat' dir='ltr'>postea</span> <span class='ocrx_word' id='word_1_10' title='bbox 1413 345 1501 372; x_wconf 91' lang='lat' dir='ltr'>non</span> <span class='ocrx_word' id='word_1_11' title='bbox 1522 331 1663 372; x_wconf 89' lang='lat' dir='ltr'>solum</span> <span class='ocrx_word' id='word_1_12' title='bbox 1682 344 1732 371; x_wconf 89' lang='lat' dir='ltr'>ea</span> <span class='ocrx_word' id='word_1_13' title='bbox 1751 343 1819 370; x_wconf 82' lang='lat' dir='ltr'>ca·</span> <span class='ocrx_word' id='word_1_14' title='bbox 1874 356 1879 360; x_wconf 94' lang='lat'><em>-</em></span> 
     </span>
     <span class='ocr_line' id='line_1_3' title="bbox 273 397 1821 454; baseline -0.001 -15"><span class='ocrx_word' id='word_1_15' title='bbox 273 398 365 454; x_wconf 88' lang='lat' dir='ltr'>pita</span> <span class='ocrx_word' id='word_1_16' title='bbox 385 414 461 440; x_wconf 91' lang='lat' dir='ltr'>suo</span> <span class='ocrx_word' id='word_1_17' title='bbox 482 400 575 440; x_wconf 92' lang='grc'>1000</span> <span class='ocrx_word' id='word_1_18' title='bbox 596 398 772 448; x_wconf 89' lang='lat' dir='ltr'>indicat,</span> <span class='ocrx_word' id='word_1_19' title='bbox 795 414 902 453; x_wconf 87' lang='lat' dir='ltr'>quae</span> <span class='ocrx_word' id='word_1_20' title='bbox 921 399 1119 441; x_wconf 88' lang='lat' dir='ltr'>inindice</span> <span class='ocrx_word' id='word_1_21' title='bbox 1141 399 1296 442; x_wconf 90' lang='lat' dir='ltr'>omissa</span> <span class='ocrx_word' id='word_1_22' title='bbox 1315 407 1431 451; x_wconf 90' lang='lat' dir='ltr'>sunt,</span> <span class='ocrx_word' id='word_1_23' title='bbox 1457 401 1530 441; x_wconf 90' lang='lat' dir='ltr'>sed</span> <span class='ocrx_word' id='word_1_24' title='bbox 1551 397 1670 440; x_wconf 87' lang='lat' dir='ltr'><strong>addit</strong></span> <span class='ocrx_word' id='word_1_25' title='bbox 1690 397 1821 439; x_wconf 89' lang='lat' dir='ltr'>etiam</span> 
     </span>
     <span class='ocr_line' id='line_1_4' title="bbox 273 469 1831 525; baseline -0.002 -14"><span class='ocrx_word' id='word_1_26' title='bbox 273 486 301 525; x_wconf 99' lang='grc' dir='ltr'>Ρ</span> <span class='ocrx_word' id='word_1_27' title='bbox 326 475 393 520; x_wconf 88' lang='grc'>52,</span> <span class='ocrx_word' id='word_1_28' title='bbox 422 476 438 511; x_wconf 91' lang='grc'>1</span> <span class='ocrx_word' id='word_1_29' title='bbox 463 483 629 510; x_wconf 85' lang='grc'>1101111111</span> <span class='ocrx_word' id='word_1_30' title='bbox 649 475 777 523; x_wconf 88' lang='lat' dir='ltr'>caput</span> <span class='ocrx_word' id='word_1_31' title='bbox 797 469 868 510; x_wconf 91' lang='lat' dir='ltr'>cui</span> <span class='ocrx_word' id='word_1_32' title='bbox 887 469 1135 511; x_wconf 81' lang='lat' dir='ltr'>inscribitur</span> <span class='ocrx_word' id='word_1_33' title='bbox 1153 485 1221 511; x_wconf 87' lang='lat' dir='ltr'>res</span> <span class='ocrx_word' id='word_1_34' title='bbox 1242 470 1287 511; x_wconf 79' lang='lat' dir='ltr'>in</span> <span class='ocrx_word' id='word_1_35' title='bbox 1305 469 1528 524; x_wconf 78' lang='lat' dir='ltr'>Hispania</span> <span class='ocrx_word' id='word_1_36' title='bbox 1544 474 1700 525; x_wconf 75' lang='lat' dir='ltr'>qestae,</span> <span class='ocrx_word' id='word_1_37' title='bbox 1735 478 1831 523; x_wconf 87' lang='lat' dir='ltr'>quo·</span> 
     </span>
     <span class='ocr_line' id='line_1_5' title="bbox 272 539 1820 595; baseline -0.003 -13"><span class='ocrx_word' id='word_1_38' title='bbox 272 543 371 582; x_wconf 89' lang='lat' dir='ltr'>ordo</span> <span class='ocrx_word' id='word_1_39' title='bbox 401 540 589 595; x_wconf 89' lang='lat' dir='ltr'>capitum</span> <span class='ocrx_word' id='word_1_40' title='bbox 621 539 839 588; x_wconf 90' lang='lat' dir='ltr'>turbatur,</span> <span class='ocrx_word' id='word_1_41' title='bbox 874 554 982 593; x_wconf 91' lang='lat' dir='ltr'>quae</span> <span class='ocrx_word' id='word_1_42' title='bbox 1012 541 1103 581; x_wconf 85' lang='lat' dir='ltr'>sola</span> <span class='ocrx_word' id='word_1_43' title='bbox 1138 541 1224 581; x_wconf 88' lang='lat' dir='ltr'>fere</span> <span class='ocrx_word' id='word_1_44' title='bbox 1253 541 1369 581; x_wconf 88' lang='lat' dir='ltr'>bella</span> <span class='ocrx_word' id='word_1_45' title='bbox 1398 540 1616 589; x_wconf 84' lang='lat' dir='ltr'>indicant3</span> <span class='ocrx_word' id='word_1_46' title='bbox 1650 546 1693 580; x_wconf 88' lang='lat' dir='ltr'>et</span> <span class='ocrx_word' id='word_1_47' title='bbox 1719 552 1820 579; x_wconf 86' lang='lat' dir='ltr'>uero</span> 
     </span>
     <span class='ocr_line' id='line_1_6' title="bbox 272 598 1820 665; baseline -0.001 -14"><span class='ocrx_word' id='word_1_48' title='bbox 272 625 378 664; x_wconf 87' lang='lat' dir='ltr'>quae</span> <span class='ocrx_word' id='word_1_49' title='bbox 408 610 478 651; x_wconf 88' lang='lat' dir='ltr'>hic</span> <span class='ocrx_word' id='word_1_50' title='bbox 510 611 737 650; x_wconf 86' lang='lat' dir='ltr'>traduntur</span> <span class='ocrx_word' id='word_1_51' title='bbox 767 610 821 650; x_wconf 90' lang='lat' dir='ltr'>ad</span> <span class='ocrx_word' id='word_1_52' title='bbox 846 610 1010 650; x_wconf 89' lang='lat' dir='ltr'>bellum</span> <span class='ocrx_word' id='word_1_53' title='bbox 1038 610 1358 652; x_wconf 85' lang='lat' dir='ltr'>Numantinum</span> <span class='ocrx_word' id='word_1_54' title='bbox 1388 598 1617 665; x_wconf 78' lang='lat' dir='ltr'>pertinent.</span> <span class='ocrx_word' id='word_1_55' title='bbox 1669 616 1762 650; x_wconf 84' lang='lat' dir='ltr'>tum</span> <span class='ocrx_word' id='word_1_56' title='bbox 1790 622 1820 662; x_wconf 92' lang='lat' dir='ltr'>p</span> 
     </span>
     <span class='ocr_line' id='line_1_7' title="bbox 276 678 1819 735; baseline -0.002 -13"><span class='ocrx_word' id='word_1_57' title='bbox 276 685 368 731; x_wconf 86' lang='lat'>120,</span> <span class='ocrx_word' id='word_1_58' title='bbox 396 686 417 721; x_wconf 89' lang='grc'>5</span> <span class='ocrx_word' id='word_1_59' title='bbox 438 680 603 721; x_wconf 93' lang='lat' dir='ltr'>bellum</span> <span class='ocrx_word' id='word_1_60' title='bbox 623 678 926 721; x_wconf 85' lang='lat' dir='ltr'>Marmaricum</span> <span class='ocrx_word' id='word_1_61' title='bbox 945 679 1095 721; x_wconf 84' lang='lat' dir='ltr'>inserit</span> <span class='ocrx_word' id='word_1_62' title='bbox 1114 685 1167 720; x_wconf 87' lang='lat' dir='ltr'>B.</span> <span class='ocrx_word' id='word_1_63' title='bbox 1208 684 1258 721; x_wconf 95' lang='lat' dir='ltr'><em>N</em></span> <span class='ocrx_word' id='word_1_64' title='bbox 1273 686 1438 730; x_wconf 91' lang='lat' dir='ltr'>autem,</span> <span class='ocrx_word' id='word_1_65' title='bbox 1472 680 1545 735; x_wconf 90' lang='lat' dir='ltr'>qui</span> <span class='ocrx_word' id='word_1_66' title='bbox 1565 686 1754 721; x_wconf 88' lang='lat' dir='ltr'>ceterum</span> <span class='ocrx_word' id='word_1_67' title='bbox 1773 678 1819 718; x_wconf 90' lang='lat' dir='ltr'>in</span> 
     </span>
     <span class='ocr_line' id='line_1_8' title="bbox 271 748 1819 805; baseline -0.001 -14"><span class='ocrx_word' id='word_1_68' title='bbox 271 750 481 805; x_wconf 82' lang='lat' dir='ltr'>capitibus</span> <span class='ocrx_word' id='word_1_69' title='bbox 504 749 818 803; x_wconf 81' lang='lat' dir='ltr'>distinguendis</span> <span class='ocrx_word' id='word_1_70' title='bbox 846 765 945 791; x_wconf 90' lang='lat' dir='ltr'>cum</span> <span class='ocrx_word' id='word_1_71' title='bbox 964 755 1003 791; x_wconf 92' lang='lat' dir='ltr'><em>B</em></span> <span class='ocrx_word' id='word_1_72' title='bbox 1028 750 1265 800; x_wconf 85' lang='lat' dir='ltr'>consentit,</span> <span class='ocrx_word' id='word_1_73' title='bbox 1294 750 1394 790; x_wconf 82' lang='lat' dir='ltr'>inde</span> <span class='ocrx_word' id='word_1_74' title='bbox 1415 764 1440 790; x_wconf 90' lang='lat' dir='ltr'>a</span> <span class='ocrx_word' id='word_1_75' title='bbox 1458 764 1487 804; x_wconf 92' lang='lat' dir='ltr'>p</span> <span class='ocrx_word' id='word_1_76' title='bbox 1513 754 1606 799; x_wconf 85' lang='lat'>115,</span> <span class='ocrx_word' id='word_1_77' title='bbox 1632 754 1654 790; x_wconf 85' lang='lat'>5</span> <span class='ocrx_word' id='word_1_78' title='bbox 1676 748 1819 790; x_wconf 84' lang='lat' dir='ltr'>nullas</span> 
     </span>
     <span class='ocr_line' id='line_1_9' title="bbox 270 814 1819 875; baseline -0.002 -13"><span class='ocrx_word' id='word_1_79' title='bbox 270 821 460 875; x_wconf 89' lang='lat' dir='ltr'>capitum</span> <span class='ocrx_word' id='word_1_80' title='bbox 479 820 776 875; x_wconf 83' lang='lat' dir='ltr'>inscriptiones</span> <span class='ocrx_word' id='word_1_81' title='bbox 805 820 960 870; x_wconf 88' lang='lat' dir='ltr'>habet,</span> <span class='ocrx_word' id='word_1_82' title='bbox 1001 835 1110 874; x_wconf 87' lang='lat' dir='ltr'>quae</span> <span class='ocrx_word' id='word_1_83' title='bbox 1138 821 1186 861; x_wconf 90' lang='lat' dir='ltr'>in</span> <span class='ocrx_word' id='word_1_84' title='bbox 1214 834 1240 872; x_wconf 86' lang='grc' dir='ltr'><em>ς</em></span> <span class='ocrx_word' id='word_1_85' title='bbox 1267 835 1343 875; x_wconf 90' lang='lat' dir='ltr'>per</span> <span class='ocrx_word' id='word_1_86' title='bbox 1373 814 1512 860; x_wconf 90' lang='lat' dir='ltr'>totum</span> <span class='ocrx_word' id='word_1_87' title='bbox 1539 819 1696 860; x_wconf 89' lang='lat' dir='ltr'>librum</span> <span class='ocrx_word' id='word_1_88' title='bbox 1731 818 1819 859; x_wconf 83' lang='lat' dir='ltr'>fere</span> 
     </span>
     <span class='ocr_line' id='line_1_10' title="bbox 270 887 1815 945; baseline -0.003 -13"><span class='ocrx_word' id='word_1_89' title='bbox 270 897 459 932; x_wconf 87' lang='lat' dir='ltr'>seruatae</span> <span class='ocrx_word' id='word_1_90' title='bbox 494 905 583 931; x_wconf 90' lang='lat' dir='ltr'>non</span> <span class='ocrx_word' id='word_1_91' title='bbox 612 897 727 932; x_wconf 88' lang='lat' dir='ltr'>sunt.</span> <span class='ocrx_word' id='word_1_92' title='bbox 781 905 868 931; x_wconf 92' lang='lat' dir='ltr'>uno</span> <span class='ocrx_word' id='word_1_93' title='bbox 905 897 1049 932; x_wconf 86' lang='lat' dir='ltr'>autem</span> <span class='ocrx_word' id='word_1_94' title='bbox 1085 891 1178 932; x_wconf 92' lang='lat' dir='ltr'>loco</span> <span class='ocrx_word' id='word_1_95' title='bbox 1188 922 1202 941; x_wconf 92' lang='lat'>,</span> <span class='ocrx_word' id='word_1_96' title='bbox 1248 891 1362 945; x_wconf 89' lang='lat' dir='ltr'>quod</span> <span class='ocrx_word' id='word_1_97' title='bbox 1398 904 1490 931; x_wconf 88' lang='lat' dir='ltr'>sero</span> <span class='ocrx_word' id='word_1_98' title='bbox 1517 887 1815 937; x_wconf 86' lang='lat' dir='ltr'>animaduerti,</span> 
     </span>
     <span class='ocr_line' id='line_1_11' title="bbox 269 957 1819 1015; baseline -0.002 -14"><span class='ocrx_word' id='word_1_99' title='bbox 269 961 430 1001; x_wconf 85' lang='lat' dir='ltr'>factum</span> <span class='ocrx_word' id='word_1_100' title='bbox 470 967 534 1002; x_wconf 87' lang='lat' dir='ltr'>est</span> <span class='ocrx_word' id='word_1_101' title='bbox 563 968 613 1002; x_wconf 90' lang='lat' dir='ltr'>ut</span> <span class='ocrx_word' id='word_1_102' title='bbox 642 962 774 1002; x_wconf 84' lang='lat' dir='ltr'>uerba</span> <span class='ocrx_word' id='word_1_103' title='bbox 801 960 918 1003; x_wconf 90' lang='lat' dir='ltr'>Flori</span> <span class='ocrx_word' id='word_1_104' title='bbox 938 960 985 1001; x_wconf 89' lang='lat' dir='ltr'>in</span> <span class='ocrx_word' id='word_1_105' title='bbox 1004 965 1054 1003; x_wconf 93' lang='lat' dir='ltr'><em>N</em></span> <span class='ocrx_word' id='word_1_106' title='bbox 1068 975 1144 1015; x_wconf 91' lang='lat' dir='ltr'>pro</span> <span class='ocrx_word' id='word_1_107' title='bbox 1165 959 1292 1001; x_wconf 90' lang='lat' dir='ltr'>titulo</span> <span class='ocrx_word' id='word_1_108' title='bbox 1320 959 1729 1015; x_wconf 77' lang='lat' dir='ltr'>praescriberentur,</span> <span class='ocrx_word' id='word_1_109' title='bbox 1771 957 1819 998; x_wconf 91' lang='lat' dir='ltr'>in</span> 
     </span>
     <span class='ocr_line' id='line_1_12' title="bbox 274 1025 1830 1085; baseline -0.001 -14"><span class='ocrx_word' id='word_1_110' title='bbox 274 1037 306 1071; x_wconf 90' lang='grc' dir='ltr'><em>Β</em></span> <span class='ocrx_word' id='word_1_111' title='bbox 325 1046 494 1085; x_wconf 88' lang='lat' dir='ltr'>prorsus</span> <span class='ocrx_word' id='word_1_112' title='bbox 516 1031 826 1072; x_wconf 83' lang='lat' dir='ltr'>omitterentur.</span> <span class='ocrx_word' id='word_1_113' title='bbox 850 1046 878 1085; x_wconf 97' lang='grc' dir='ltr'>Ρ</span> <span class='ocrx_word' id='word_1_114' title='bbox 895 1035 965 1080; x_wconf 88' lang='lat'>83,</span> <span class='ocrx_word' id='word_1_115' title='bbox 994 1036 1010 1072; x_wconf 89' lang='lat'>1</span> <span class='ocrx_word' id='word_1_116' title='bbox 1035 1030 1151 1071; x_wconf 89' lang='lat' dir='ltr'>enim</span> <span class='ocrx_word' id='word_1_117' title='bbox 1171 1045 1279 1084; x_wconf 89' lang='lat' dir='ltr'>quae</span> <span class='ocrx_word' id='word_1_118' title='bbox 1299 1030 1345 1071; x_wconf 90' lang='lat' dir='ltr'>in</span> <span class='ocrx_word' id='word_1_119' title='bbox 1365 1035 1414 1071; x_wconf 94' lang='lat' dir='ltr'><em>N</em></span> <span class='ocrx_word' id='word_1_120' title='bbox 1428 1031 1632 1084; x_wconf 88' lang='lat' dir='ltr'>leguntur</span> <span class='ocrx_word' id='word_1_121' title='bbox 1647 1025 1830 1076; x_wconf 48' lang='lat' dir='ltr'>‘belluna</span> 
     </span>
     <span class='ocr_line' id='line_1_13' title="bbox 268 1095 1818 1156; baseline -0.003 -13"><span class='ocrx_word' id='word_1_122' title='bbox 268 1103 381 1156; x_wconf 84' lang='lat' dir='ltr'>quod</span> <span class='ocrx_word' id='word_1_123' title='bbox 399 1103 604 1143; x_wconf 83' lang='lat' dir='ltr'>aduersus</span> <span class='ocrx_word' id='word_1_124' title='bbox 625 1100 756 1142; x_wconf 79' lang='lat' dir='ltr'>socios</span> <span class='ocrx_word' id='word_1_125' title='bbox 772 1107 936 1156; x_wconf 75' lang='lat' dir='ltr'>qestum</span> <span class='ocrx_word' id='word_1_126' title='bbox 956 1095 1035 1142; x_wconf 75' lang='lat' dir='ltr'>est&#39;</span> <span class='ocrx_word' id='word_1_127' title='bbox 1059 1108 1202 1155; x_wconf 86' lang='lat' dir='ltr'>aperte</span> <span class='ocrx_word' id='word_1_128' title='bbox 1212 1100 1328 1142; x_wconf 81' lang='lat' dir='ltr'>Flori</span> <span class='ocrx_word' id='word_1_129' title='bbox 1349 1108 1451 1141; x_wconf 90' lang='lat' dir='ltr'>sunt</span> <span class='ocrx_word' id='word_1_130' title='bbox 1471 1107 1514 1141; x_wconf 88' lang='lat' dir='ltr'>et</span> <span class='ocrx_word' id='word_1_131' title='bbox 1533 1114 1670 1141; x_wconf 89' lang='lat' dir='ltr'>errore</span> <span class='ocrx_word' id='word_1_132' title='bbox 1691 1099 1818 1139; x_wconf 89' lang='lat' dir='ltr'>libra·</span> 
     </span>
     <span class='ocr_line' id='line_1_14' title="bbox 271 1168 1819 1226; baseline -0.003 -14"><span class='ocrx_word' id='word_1_133' title='bbox 271 1171 324 1212; x_wconf 89' lang='lat' dir='ltr'>rii</span> <span class='ocrx_word' id='word_1_134' title='bbox 344 1186 421 1226; x_wconf 90' lang='lat' dir='ltr'>pro</span> <span class='ocrx_word' id='word_1_135' title='bbox 442 1171 570 1212; x_wconf 92' lang='lat' dir='ltr'>titulo</span> <span class='ocrx_word' id='word_1_136' title='bbox 594 1178 783 1224; x_wconf 84' lang='lat' dir='ltr'>accepta,</span> <span class='ocrx_word' id='word_1_137' title='bbox 808 1171 854 1211; x_wconf 91' lang='lat' dir='ltr'>in</span> <span class='ocrx_word' id='word_1_138' title='bbox 875 1176 915 1213; x_wconf 91' lang='lat' dir='ltr'><em>B</em></span> <span class='ocrx_word' id='word_1_139' title='bbox 935 1179 1080 1212; x_wconf 86' lang='lat' dir='ltr'>autem</span> <span class='ocrx_word' id='word_1_140' title='bbox 1110 1170 1266 1212; x_wconf 86' lang='lat' dir='ltr'>omissa</span> <span class='ocrx_word' id='word_1_141' title='bbox 1293 1177 1464 1225; x_wconf 88' lang='lat' dir='ltr'>propter</span> <span class='ocrx_word' id='word_1_142' title='bbox 1493 1168 1819 1211; x_wconf 88' lang='lat' dir='ltr'>similitudinem</span> 
     </span>
     <span class='ocr_line' id='line_1_15' title="bbox 271 1227 1821 1295; baseline -0.002 -13"><span class='ocrx_word' id='word_1_143' title='bbox 271 1243 499 1283; x_wconf 86' lang='lat' dir='ltr'>uerborum</span> <span class='ocrx_word' id='word_1_144' title='bbox 514 1238 686 1282; x_wconf 82' lang='lat' dir='ltr'>‘bellum</span> <span class='ocrx_word' id='word_1_145' title='bbox 708 1242 914 1282; x_wconf 82' lang='lat' dir='ltr'>aduersus</span> <span class='ocrx_word' id='word_1_146' title='bbox 937 1236 1108 1291; x_wconf 74' lang='lat' dir='ltr'>socios&#39;,</span> <span class='ocrx_word' id='word_1_147' title='bbox 1132 1256 1240 1295; x_wconf 87' lang='lat' dir='ltr'>quae</span> <span class='ocrx_word' id='word_1_148' title='bbox 1276 1240 1430 1282; x_wconf 79' lang='lat' dir='ltr'>indicis</span> <span class='ocrx_word' id='word_1_149' title='bbox 1452 1227 1566 1281; x_wconf 67' lang='lat' dir='ltr'>⁴loco</span> <span class='ocrx_word' id='word_1_150' title='bbox 1607 1239 1821 1293; x_wconf 87' lang='lat' dir='ltr'>adscripta</span> 
     </span>
     <span class='ocr_line' id='line_1_16' title="bbox 268 1309 1818 1365; baseline -0.001 -13"><span class='ocrx_word' id='word_1_151' title='bbox 268 1318 402 1352; x_wconf 84' lang='lat' dir='ltr'>erant.</span> <span class='ocrx_word' id='word_1_152' title='bbox 446 1311 533 1352; x_wconf 87' lang='lat' dir='ltr'>iam</span> <span class='ocrx_word' id='word_1_153' title='bbox 552 1325 654 1351; x_wconf 89' lang='lat' dir='ltr'>uero</span> <span class='ocrx_word' id='word_1_154' title='bbox 674 1311 779 1351; x_wconf 88' lang='lat' dir='ltr'>haec</span> <span class='ocrx_word' id='word_1_155' title='bbox 801 1311 940 1365; x_wconf 87' lang='lat' dir='ltr'>capita</span> <span class='ocrx_word' id='word_1_156' title='bbox 961 1318 1003 1351; x_wconf 92' lang='lat' dir='ltr'>et</span> <span class='ocrx_word' id='word_1_157' title='bbox 1033 1311 1222 1365; x_wconf 88' lang='lat' dir='ltr'>capitum</span> <span class='ocrx_word' id='word_1_158' title='bbox 1251 1311 1629 1365; x_wconf 85' lang='lat' dir='ltr'>praescriptiones,</span> <span class='ocrx_word' id='word_1_159' title='bbox 1663 1309 1818 1364; x_wconf 86' lang='lat' dir='ltr'>quibus</span> 
     </span>
     <span class='ocr_line' id='line_1_17' title="bbox 266 1380 1816 1435; baseline 0.001 -15"><span class='ocrx_word' id='word_1_160' title='bbox 266 1380 374 1421; x_wconf 88' lang='lat' dir='ltr'>liber</span> <span class='ocrx_word' id='word_1_161' title='bbox 392 1380 543 1421; x_wconf 85' lang='lat' dir='ltr'>misere</span> <span class='ocrx_word' id='word_1_162' title='bbox 563 1381 788 1430; x_wconf 87' lang='lat' dir='ltr'>laceratur,</span> <span class='ocrx_word' id='word_1_163' title='bbox 812 1381 954 1435; x_wconf 90' lang='lat' dir='ltr'>ipsum</span> <span class='ocrx_word' id='word_1_164' title='bbox 975 1382 1150 1422; x_wconf 90' lang='lat' dir='ltr'>Florum</span> <span class='ocrx_word' id='word_1_165' title='bbox 1170 1396 1258 1421; x_wconf 90' lang='lat' dir='ltr'>non</span> <span class='ocrx_word' id='word_1_166' title='bbox 1277 1381 1469 1435; x_wconf 85' lang='lat' dir='ltr'>posuisse</span> <span class='ocrx_word' id='word_1_167' title='bbox 1488 1382 1560 1422; x_wconf 85' lang='lat' dir='ltr'>uel</span> <span class='ocrx_word' id='word_1_168' title='bbox 1580 1381 1816 1435; x_wconf 86' lang='lat' dir='ltr'>anacepha-</span> 
     </span>
     <span class='ocr_line' id='line_1_18' title="bbox 266 1450 1817 1505; baseline 0.001 -14"><span class='ocrx_word' id='word_1_169' title='bbox 266 1451 427 1491; x_wconf 87' lang='lat' dir='ltr'>laeoses</span> <span class='ocrx_word' id='word_1_170' title='bbox 447 1465 476 1504; x_wconf 89' lang='grc' dir='ltr'>Ρ</span> <span class='ocrx_word' id='word_1_171' title='bbox 502 1456 568 1500; x_wconf 94' lang='grc'>11,</span> <span class='ocrx_word' id='word_1_172' title='bbox 597 1454 678 1491; x_wconf 87' lang='grc'>16.·</span> <span class='ocrx_word' id='word_1_173' title='bbox 691 1455 759 1499; x_wconf 87' lang='grc'>75,</span> <span class='ocrx_word' id='word_1_174' title='bbox 785 1455 807 1491; x_wconf 89' lang='grc'>8</span> <span class='ocrx_word' id='word_1_175' title='bbox 830 1452 1007 1500; x_wconf 87' lang='lat' dir='ltr'>docent,</span> <span class='ocrx_word' id='word_1_176' title='bbox 1044 1465 1151 1505; x_wconf 89' lang='lat' dir='ltr'>quae</span> <span class='ocrx_word' id='word_1_177' title='bbox 1172 1450 1303 1492; x_wconf 88' lang='lat' dir='ltr'>etiam</span> <span class='ocrx_word' id='word_1_178' title='bbox 1322 1451 1416 1492; x_wconf 87' lang='lat' dir='ltr'>aliis</span> <span class='ocrx_word' id='word_1_179' title='bbox 1438 1451 1695 1505; x_wconf 88' lang='lat' dir='ltr'>quibusdam</span> <span class='ocrx_word' id='word_1_180' title='bbox 1713 1451 1817 1493; x_wconf 87' lang='lat' dir='ltr'>locis</span> 
     </span>
     <span class='ocr_line' id='line_1_19' title="bbox 267 1520 1818 1575; baseline 0.001 -14"><span class='ocrx_word' id='word_1_181' title='bbox 267 1521 415 1561; x_wconf 88' lang='lat' dir='ltr'>eodem</span> <span class='ocrx_word' id='word_1_182' title='bbox 434 1520 526 1561; x_wconf 90' lang='lat' dir='ltr'>iure</span> <span class='ocrx_word' id='word_1_183' title='bbox 546 1520 649 1574; x_wconf 88' lang='lat' dir='ltr'>poni</span> <span class='ocrx_word' id='word_1_184' title='bbox 677 1526 926 1574; x_wconf 88' lang='lat' dir='ltr'>potuerunt,</span> <span class='ocrx_word' id='word_1_185' title='bbox 949 1521 1026 1561; x_wconf 93' lang='lat' dir='ltr'>ubi</span> <span class='ocrx_word' id='word_1_186' title='bbox 1046 1522 1100 1561; x_wconf 89' lang='lat' dir='ltr'>ad</span> <span class='ocrx_word' id='word_1_187' title='bbox 1116 1520 1199 1561; x_wconf 91' lang='lat' dir='ltr'>alia</span> <span class='ocrx_word' id='word_1_188' title='bbox 1216 1520 1448 1562; x_wconf 85' lang='lat' dir='ltr'>transitum</span> <span class='ocrx_word' id='word_1_189' title='bbox 1468 1521 1548 1562; x_wconf 89' lang='lat' dir='ltr'>sibi</span> <span class='ocrx_word' id='word_1_190' title='bbox 1567 1521 1670 1562; x_wconf 87' lang='lat' dir='ltr'>facit</span> <span class='ocrx_word' id='word_1_191' title='bbox 1690 1521 1818 1575; x_wconf 88' lang='lat' dir='ltr'>scrip-</span> 
     </span>
     <span class='ocr_line' id='line_1_20' title="bbox 268 1590 1845 1646; baseline 0.001 -15"><span class='ocrx_word' id='word_1_192' title='bbox 268 1598 346 1631; x_wconf 88' lang='lat' dir='ltr'>tor.</span> <span class='ocrx_word' id='word_1_193' title='bbox 379 1605 468 1631; x_wconf 90' lang='lat' dir='ltr'>non</span> <span class='ocrx_word' id='word_1_194' title='bbox 488 1590 663 1641; x_wconf 89' lang='lat' dir='ltr'>dubito,</span> <span class='ocrx_word' id='word_1_195' title='bbox 695 1590 800 1646; x_wconf 87' lang='lat' dir='ltr'>quin</span> <span class='ocrx_word' id='word_1_196' title='bbox 830 1592 884 1632; x_wconf 90' lang='lat' dir='ltr'>ad</span> <span class='ocrx_word' id='word_1_197' title='bbox 913 1606 1040 1632; x_wconf 90' lang='lat' dir='ltr'>usum</span> <span class='ocrx_word' id='word_1_198' title='bbox 1067 1591 1301 1641; x_wconf 90' lang='lat' dir='ltr'>lectorum,</span> <span class='ocrx_word' id='word_1_199' title='bbox 1334 1591 1408 1645; x_wconf 91' lang='lat' dir='ltr'>qui</span> <span class='ocrx_word' id='word_1_200' title='bbox 1438 1606 1650 1633; x_wconf 90' lang='lat' dir='ltr'>summam</span> <span class='ocrx_word' id='word_1_201' title='bbox 1676 1606 1845 1641; x_wconf 56' lang='lat' dir='ltr'>rerum,</span> 
     </span>
     <span class='ocr_line' id='line_1_21' title="bbox 268 1660 1817 1716; baseline 0.002 -15"><span class='ocrx_word' id='word_1_202' title='bbox 268 1660 460 1702; x_wconf 88' lang='lat' dir='ltr'>celeriter</span> <span class='ocrx_word' id='word_1_203' title='bbox 479 1661 659 1702; x_wconf 85' lang='lat' dir='ltr'>lustrare</span> <span class='ocrx_word' id='word_1_204' title='bbox 680 1661 926 1716; x_wconf 88' lang='lat' dir='ltr'>cupiebant,</span> <span class='ocrx_word' id='word_1_205' title='bbox 948 1662 1159 1702; x_wconf 85' lang='lat' dir='ltr'>bellorum</span> <span class='ocrx_word' id='word_1_206' title='bbox 1179 1668 1222 1702; x_wconf 89' lang='lat' dir='ltr'>et</span> <span class='ocrx_word' id='word_1_207' title='bbox 1241 1676 1384 1702; x_wconf 88' lang='lat' dir='ltr'>rerum</span> <span class='ocrx_word' id='word_1_208' title='bbox 1401 1662 1721 1716; x_wconf 86' lang='lat' dir='ltr'>potissimarum</span> <span class='ocrx_word' id='word_1_209' title='bbox 1739 1677 1817 1704; x_wconf 91' lang='lat' dir='ltr'>no-</span> 
     </span>
     <span class='ocr_line' id='line_1_22' title="bbox 266 1724 1818 1786; baseline 0.001 -15"><span class='ocrx_word' id='word_1_210' title='bbox 266 1731 384 1772; x_wconf 91' lang='lat' dir='ltr'>mina</span> <span class='ocrx_word' id='word_1_211' title='bbox 393 1731 440 1771; x_wconf 90' lang='lat' dir='ltr'>in</span> <span class='ocrx_word' id='word_1_212' title='bbox 450 1731 642 1786; x_wconf 82' lang='lat' dir='ltr'>margine</span> <span class='ocrx_word' id='word_1_213' title='bbox 654 1731 866 1786; x_wconf 88' lang='lat' dir='ltr'>adscripta</span> <span class='ocrx_word' id='word_1_214' title='bbox 881 1731 1054 1781; x_wconf 80' lang='lat' dir='ltr'>fuerint,</span> <span class='ocrx_word' id='word_1_215' title='bbox 1078 1731 1232 1786; x_wconf 90' lang='lat' dir='ltr'>quibus</span> <span class='ocrx_word' id='word_1_216' title='bbox 1247 1738 1395 1786; x_wconf 89' lang='lat' dir='ltr'>postea</span> <span class='ocrx_word' id='word_1_217' title='bbox 1411 1733 1583 1773; x_wconf 87' lang='lat' dir='ltr'>demum</span> <span class='ocrx_word' id='word_1_218' title='bbox 1599 1724 1818 1786; x_wconf 85' lang='lat' dir='ltr'>tamquam</span> 
     </span>
     <span class='ocr_line' id='line_1_23' title="bbox 267 1801 1779 1856; baseline 0.001 -15"><span class='ocrx_word' id='word_1_219' title='bbox 267 1801 457 1855; x_wconf 86' lang='lat' dir='ltr'>capitum</span> <span class='ocrx_word' id='word_1_220' title='bbox 477 1801 615 1843; x_wconf 90' lang='lat' dir='ltr'>titulis</span> <span class='ocrx_word' id='word_1_221' title='bbox 635 1801 798 1843; x_wconf 89' lang='lat' dir='ltr'>librarii</span> <span class='ocrx_word' id='word_1_222' title='bbox 819 1803 873 1843; x_wconf 90' lang='lat' dir='ltr'>ad</span> <span class='ocrx_word' id='word_1_223' title='bbox 892 1803 1023 1843; x_wconf 86' lang='lat' dir='ltr'>uerba</span> <span class='ocrx_word' id='word_1_224' title='bbox 1043 1801 1257 1856; x_wconf 89' lang='lat' dir='ltr'>scriptoris</span> <span class='ocrx_word' id='word_1_225' title='bbox 1276 1802 1554 1856; x_wconf 86' lang='lat' dir='ltr'>dispescenda</span> <span class='ocrx_word' id='word_1_226' title='bbox 1573 1802 1641 1843; x_wconf 91' lang='lat' dir='ltr'>usi</span> <span class='ocrx_word' id='word_1_227' title='bbox 1661 1809 1779 1843; x_wconf 89' lang='lat' dir='ltr'>sunt.</span> 
     </span>
     <span class='ocr_line' id='line_1_24' title="bbox 380 1872 1816 1927; baseline 0.001 -15"><span class='ocrx_word' id='word_1_228' title='bbox 380 1873 530 1913; x_wconf 88' lang='lat' dir='ltr'>Florus</span> <span class='ocrx_word' id='word_1_229' title='bbox 552 1879 697 1913; x_wconf 90' lang='lat' dir='ltr'>autem</span> <span class='ocrx_word' id='word_1_230' title='bbox 717 1872 909 1913; x_wconf 84' lang='lat' dir='ltr'>ordinem</span> <span class='ocrx_word' id='word_1_231' title='bbox 929 1887 1012 1926; x_wconf 92' lang='lat' dir='ltr'>quo</span> <span class='ocrx_word' id='word_1_232' title='bbox 1032 1887 1097 1913; x_wconf 87' lang='lat' dir='ltr'>res</span> <span class='ocrx_word' id='word_1_233' title='bbox 1118 1874 1334 1913; x_wconf 86' lang='lat' dir='ltr'>Romanas</span> <span class='ocrx_word' id='word_1_234' title='bbox 1363 1880 1543 1914; x_wconf 88' lang='lat' dir='ltr'>tractare</span> <span class='ocrx_word' id='word_1_235' title='bbox 1564 1873 1646 1914; x_wconf 88' lang='lat' dir='ltr'>sibi</span> <span class='ocrx_word' id='word_1_236' title='bbox 1665 1887 1816 1927; x_wconf 90' lang='lat' dir='ltr'>propo-</span> 
     </span>
     <span class='ocr_line' id='line_1_25' title="bbox 268 1941 1816 1987; baseline 0.001 -5"><span class='ocrx_word' id='word_1_237' title='bbox 268 1941 400 1982; x_wconf 88' lang='lat' dir='ltr'>suerit</span> <span class='ocrx_word' id='word_1_238' title='bbox 420 1942 536 1987; x_wconf 81' lang='lat' dir='ltr'>haud</span> <span class='ocrx_word' id='word_1_239' title='bbox 555 1958 642 1983; x_wconf 90' lang='lat' dir='ltr'>uno</span> <span class='ocrx_word' id='word_1_240' title='bbox 662 1943 755 1983; x_wconf 92' lang='grc'>1000</span> <span class='ocrx_word' id='word_1_241' title='bbox 777 1943 878 1984; x_wconf 87' lang='lat' dir='ltr'>satis</span> <span class='ocrx_word' id='word_1_242' title='bbox 900 1950 1094 1984; x_wconf 89' lang='lat' dir='ltr'>accurate</span> <span class='ocrx_word' id='word_1_243' title='bbox 1114 1942 1338 1983; x_wconf 87' lang='lat' dir='ltr'>indicauit.</span> <span class='ocrx_word' id='word_1_244' title='bbox 1383 1950 1426 1984; x_wconf 87' lang='lat' dir='ltr'>et</span> <span class='ocrx_word' id='word_1_245' title='bbox 1453 1943 1600 1984; x_wconf 88' lang='lat' dir='ltr'>statim</span> <span class='ocrx_word' id='word_1_246' title='bbox 1620 1944 1672 1984; x_wconf 86' lang='lat' dir='ltr'>ab</span> <span class='ocrx_word' id='word_1_247' title='bbox 1691 1943 1816 1984; x_wconf 88' lang='lat' dir='ltr'>initio</span> 
     </span>
     <span class='ocr_line' id='line_1_26' title="bbox 267 2012 1810 2067; baseline 0.001 -15"><span class='ocrx_word' id='word_1_248' title='bbox 267 2018 468 2065; x_wconf 88' lang='lat' dir='ltr'>quattuor</span> <span class='ocrx_word' id='word_1_249' title='bbox 495 2012 645 2066; x_wconf 91' lang='lat' dir='ltr'>populi</span> <span class='ocrx_word' id='word_1_250' title='bbox 672 2013 860 2054; x_wconf 83' lang='lat' dir='ltr'>Romani</span> <span class='ocrx_word' id='word_1_251' title='bbox 897 2020 1056 2054; x_wconf 87' lang='lat' dir='ltr'>aetates</span> <span class='ocrx_word' id='word_1_252' title='bbox 1085 2013 1285 2054; x_wconf 86' lang='lat' dir='ltr'>describit</span> <span class='ocrx_word' id='word_1_253' title='bbox 1314 2027 1343 2067; x_wconf 90' lang='lat' dir='ltr'>p</span> <span class='ocrx_word' id='word_1_254' title='bbox 1373 2018 1413 2062; x_wconf 86' lang='lat'>5,</span> <span class='ocrx_word' id='word_1_255' title='bbox 1451 2017 1526 2063; x_wconf 85' lang='lat'>19,</span> <span class='ocrx_word' id='word_1_256' title='bbox 1568 2012 1810 2063; x_wconf 86' lang='lat' dir='ltr'>infantiam,</span> 
     </span>
     <span class='ocr_line' id='line_1_27' title="bbox 268 2081 1813 2137; baseline 0.001 -16"><span class='ocrx_word' id='word_1_257' title='bbox 268 2081 624 2132; x_wconf 85' lang='lat' dir='ltr'>adulescentiam,</span> <span class='ocrx_word' id='word_1_258' title='bbox 647 2082 942 2133; x_wconf 86' lang='lat' dir='ltr'>iuuentutem,</span> <span class='ocrx_word' id='word_1_259' title='bbox 966 2083 1149 2136; x_wconf 88' lang='lat' dir='ltr'>denique</span> <span class='ocrx_word' id='word_1_260' title='bbox 1171 2090 1456 2132; x_wconf 86' lang='lat' dir='ltr'>senectutem;</span> <span class='ocrx_word' id='word_1_261' title='bbox 1481 2097 1609 2137; x_wconf 90' lang='lat' dir='ltr'>quam</span> <span class='ocrx_word' id='word_1_262' title='bbox 1629 2082 1813 2137; x_wconf 88' lang='lat' dir='ltr'>descrip-</span> 
     </span>
     <span class='ocr_line' id='line_1_28' title="bbox 268 2152 1812 2207; baseline 0.001 -16"><span class='ocrx_word' id='word_1_263' title='bbox 268 2152 429 2192; x_wconf 89' lang='lat' dir='ltr'>tionem</span> <span class='ocrx_word' id='word_1_264' title='bbox 448 2159 596 2205; x_wconf 88' lang='lat' dir='ltr'>postea</span> <span class='ocrx_word' id='word_1_265' title='bbox 616 2167 693 2193; x_wconf 91' lang='lat' dir='ltr'>suo</span> <span class='ocrx_word' id='word_1_266' title='bbox 712 2153 805 2194; x_wconf 94' lang='grc'>1000</span> <span class='ocrx_word' id='word_1_267' title='bbox 835 2168 1000 2207; x_wconf 89' lang='lat' dir='ltr'>semper</span> <span class='ocrx_word' id='word_1_268' title='bbox 1028 2153 1075 2193; x_wconf 90' lang='lat' dir='ltr'>in</span> <span class='ocrx_word' id='word_1_269' title='bbox 1101 2153 1351 2193; x_wconf 87' lang='lat' dir='ltr'>memoriam</span> <span class='ocrx_word' id='word_1_270' title='bbox 1380 2159 1552 2194; x_wconf 85' lang='lat' dir='ltr'>reuocat</span> <span class='ocrx_word' id='word_1_271' title='bbox 1561 2169 1572 2202; x_wconf 85' lang='lat'>3</span> <span class='ocrx_word' id='word_1_272' title='bbox 1614 2153 1660 2193; x_wconf 88' lang='lat' dir='ltr'>cf</span> <span class='ocrx_word' id='word_1_273' title='bbox 1683 2167 1712 2207; x_wconf 92' lang='lat' dir='ltr'>p</span> <span class='ocrx_word' id='word_1_274' title='bbox 1746 2158 1812 2202; x_wconf 91' lang='lat'>11,</span> 
     </span>
     <span class='ocr_line' id='line_1_29' title="bbox 273 2217 1811 2278; baseline -0.001 -16"><span class='ocrx_word' id='word_1_275' title='bbox 273 2228 319 2262; x_wconf 90' lang='lat'>17</span> <span class='ocrx_word' id='word_1_276' title='bbox 339 2218 460 2263; x_wconf 72' lang='lat' dir='ltr'>‘haec</span> <span class='ocrx_word' id='word_1_277' title='bbox 479 2228 543 2263; x_wconf 76' lang='lat' dir='ltr'>est</span> <span class='ocrx_word' id='word_1_278' title='bbox 550 2222 701 2276; x_wconf 77' lang='lat' dir='ltr'>prima</span> <span class='ocrx_word' id='word_1_279' title='bbox 721 2229 838 2264; x_wconf 78' lang='lat' dir='ltr'>aetas</span> <span class='ocrx_word' id='word_1_280' title='bbox 849 2223 1005 2277; x_wconf 78' lang='lat' dir='ltr'>populi</span> <span class='ocrx_word' id='word_1_281' title='bbox 1023 2222 1215 2265; x_wconf 78' lang='lat' dir='ltr'>Romani</span> <span class='ocrx_word' id='word_1_282' title='bbox 1232 2229 1273 2264; x_wconf 78' lang='lat' dir='ltr'>et</span> <span class='ocrx_word' id='word_1_283' title='bbox 1291 2223 1418 2278; x_wconf 78' lang='lat' dir='ltr'>quasi</span> <span class='ocrx_word' id='word_1_284' title='bbox 1435 2217 1667 2278; x_wconf 76' lang='lat' dir='ltr'>infantia&#39;,·</span> <span class='ocrx_word' id='word_1_285' title='bbox 1690 2237 1718 2276; x_wconf 90' lang='lat' dir='ltr'>p</span> <span class='ocrx_word' id='word_1_286' title='bbox 1741 2225 1811 2272; x_wconf 89' lang='grc'>26,</span> 
     </span>
     <span class='ocr_line' id='line_1_30' title="bbox 273 2287 1811 2348; baseline 0.002 -18"><span class='ocrx_word' id='word_1_287' title='bbox 273 2295 319 2331; x_wconf 88' lang='grc'>12</span> <span class='ocrx_word' id='word_1_288' title='bbox 337 2287 458 2331; x_wconf 78' lang='lat' dir='ltr'>‘haec</span> <span class='ocrx_word' id='word_1_289' title='bbox 478 2298 541 2333; x_wconf 83' lang='lat' dir='ltr'>est</span> <span class='ocrx_word' id='word_1_290' title='bbox 557 2294 742 2334; x_wconf 76' lang='lat' dir='ltr'>secunda</span> <span class='ocrx_word' id='word_1_291' title='bbox 761 2299 878 2335; x_wconf 80' lang='lat' dir='ltr'>aetas</span> <span class='ocrx_word' id='word_1_292' title='bbox 898 2293 1055 2348; x_wconf 77' lang='lat' dir='ltr'>populi</span> <span class='ocrx_word' id='word_1_293' title='bbox 1072 2292 1264 2334; x_wconf 80' lang='lat' dir='ltr'>Romam·</span> <span class='ocrx_word' id='word_1_294' title='bbox 1282 2299 1322 2333; x_wconf 82' lang='lat' dir='ltr'>et</span> <span class='ocrx_word' id='word_1_295' title='bbox 1339 2293 1465 2347; x_wconf 78' lang='lat' dir='ltr'>quasi</span> <span class='ocrx_word' id='word_1_296' title='bbox 1483 2291 1770 2334; x_wconf 79' lang='lat' dir='ltr'>adulescentia</span> <span class='ocrx_word' id='word_1_297' title='bbox 1778 2287 1811 2341; x_wconf 73' lang='grc'>’,-</span> 
     </span>
     <span class='ocr_line' id='line_1_31' title="bbox 266 2357 1819 2419; baseline 0.003 -20"><span class='ocrx_word' id='word_1_298' title='bbox 266 2375 294 2412; x_wconf 91' lang='lat' dir='ltr'>p</span> <span class='ocrx_word' id='word_1_299' title='bbox 307 2364 376 2409; x_wconf 88' lang='lat'>28,</span> <span class='ocrx_word' id='word_1_300' title='bbox 397 2365 444 2400; x_wconf 86' lang='lat'>15</span> <span class='ocrx_word' id='word_1_301' title='bbox 463 2357 582 2402; x_wconf 76' lang='lat' dir='ltr'>‘talis</span> <span class='ocrx_word' id='word_1_302' title='bbox 604 2388 654 2394; x_wconf 72' lang='lat'>-—</span> <span class='ocrx_word' id='word_1_303' title='bbox 667 2364 854 2417; x_wconf 78' lang='lat' dir='ltr'>populus</span> <span class='ocrx_word' id='word_1_304' title='bbox 873 2364 1095 2405; x_wconf 79' lang='lat' dir='ltr'>Romanus</span> <span class='ocrx_word' id='word_1_305' title='bbox 1103 2364 1274 2419; x_wconf 81' lang='lat' dir='ltr'>fretum</span> <span class='ocrx_word' id='word_1_306' title='bbox 1295 2363 1409 2404; x_wconf 77' lang='lat' dir='ltr'>illud</span> <span class='ocrx_word' id='word_1_307' title='bbox 1421 2362 1743 2413; x_wconf 80' lang='lat' dir='ltr'>adulescentiae,</span> <span class='ocrx_word' id='word_1_308' title='bbox 1768 2362 1819 2404; x_wconf 80' lang='lat' dir='ltr'>id</span> 
     </span>
     <span class='ocr_line' id='line_1_32' title="bbox 267 2431 1814 2487; baseline 0.003 -18"><span class='ocrx_word' id='word_1_309' title='bbox 267 2435 328 2470; x_wconf 81' lang='lat' dir='ltr'>est</span> <span class='ocrx_word' id='word_1_310' title='bbox 346 2432 573 2472; x_wconf 75' lang='lat' dir='ltr'>secundam</span> <span class='ocrx_word' id='word_1_311' title='bbox 595 2431 766 2486; x_wconf 69' lang='lat' dir='ltr'>imperii</span> <span class='ocrx_word' id='word_1_312' title='bbox 782 2439 961 2476; x_wconf 80' lang='lat' dir='ltr'>aetatem</span> <span class='ocrx_word' id='word_1_313' title='bbox 990 2433 1153 2474; x_wconf 73' lang='lat' dir='ltr'>habuit.</span> <span class='ocrx_word' id='word_1_314' title='bbox 1180 2457 1235 2484; x_wconf 10' lang='lat' dir='ltr'>-x</span> <span class='ocrx_word' id='word_1_315' title='bbox 1254 2432 1412 2474; x_wconf 79' lang='lat' dir='ltr'>domita</span> <span class='ocrx_word' id='word_1_316' title='bbox 1441 2433 1695 2487; x_wconf 80' lang='lat' dir='ltr'>subactaque</span> <span class='ocrx_word' id='word_1_317' title='bbox 1723 2432 1814 2474; x_wconf 76' lang='lat' dir='ltr'>Ita·</span> 
     </span>
     <span class='ocr_line' id='line_1_33' title="bbox 269 2499 1818 2558; baseline 0.003 -19"><span class='ocrx_word' id='word_1_318' title='bbox 269 2499 328 2540; x_wconf 82' lang='lat' dir='ltr'>lia</span> <span class='ocrx_word' id='word_1_319' title='bbox 339 2501 524 2553; x_wconf 79' lang='lat' dir='ltr'>populus</span> <span class='ocrx_word' id='word_1_320' title='bbox 543 2501 766 2544; x_wconf 78' lang='lat' dir='ltr'>Romanus</span> <span class='ocrx_word' id='word_1_321' title='bbox 785 2527 844 2534; x_wconf 89' lang='lat'>—</span> <span class='ocrx_word' id='word_1_322' title='bbox 870 2518 963 2545; x_wconf 85' lang='lat' dir='ltr'>cum</span> <span class='ocrx_word' id='word_1_323' title='bbox 993 2503 1101 2544; x_wconf 80' lang='lat' dir='ltr'>bona</span> <span class='ocrx_word' id='word_1_324' title='bbox 1116 2503 1216 2558; x_wconf 82' lang='lat' dir='ltr'>fide</span> <span class='ocrx_word' id='word_1_325' title='bbox 1244 2502 1519 2553; x_wconf 77' lang='lat' dir='ltr'>adolem&#39;sset,</span> <span class='ocrx_word' id='word_1_326' title='bbox 1549 2502 1591 2544; x_wconf 78' lang='lat' dir='ltr'>si</span> <span class='ocrx_word' id='word_1_327' title='bbox 1615 2503 1729 2557; x_wconf 86' lang='lat' dir='ltr'>quod</span> <span class='ocrx_word' id='word_1_328' title='bbox 1753 2507 1818 2543; x_wconf 76' lang='lat' dir='ltr'>est</span> 
     </span>
     <span class='ocr_line' id='line_1_34' title="bbox 265 2569 1814 2624; baseline 0.002 -15"><span class='ocrx_word' id='word_1_329' title='bbox 265 2569 416 2618; x_wconf 80' lang='lat' dir='ltr'>robur,</span> <span class='ocrx_word' id='word_1_330' title='bbox 448 2569 489 2610; x_wconf 78' lang='lat' dir='ltr'>si</span> <span class='ocrx_word' id='word_1_331' title='bbox 515 2584 599 2624; x_wconf 87' lang='lat' dir='ltr'>qua</span> <span class='ocrx_word' id='word_1_332' title='bbox 627 2570 844 2622; x_wconf 76' lang='lat' dir='ltr'>iuuentas,</span> <span class='ocrx_word' id='word_1_333' title='bbox 879 2578 966 2615; x_wconf 78' lang='lat' dir='ltr'>tum</span> <span class='ocrx_word' id='word_1_334' title='bbox 985 2572 1059 2615; x_wconf 73' lang='lat' dir='ltr'>ille</span> <span class='ocrx_word' id='word_1_335' title='bbox 1078 2587 1175 2614; x_wconf 82' lang='lat' dir='ltr'>uere</span> <span class='ocrx_word' id='word_1_336' title='bbox 1194 2573 1386 2614; x_wconf 81' lang='lat' dir='ltr'>robustus</span> <span class='ocrx_word' id='word_1_337' title='bbox 1407 2578 1448 2614; x_wconf 76' lang='lat' dir='ltr'>et</span> <span class='ocrx_word' id='word_1_338' title='bbox 1466 2571 1631 2614; x_wconf 78' lang='lat' dir='ltr'>iuuenis</span> <span class='ocrx_word' id='word_1_339' title='bbox 1652 2595 1706 2602; x_wconf 92' lang='lat'><strong>—</strong></span> <span class='ocrx_word' id='word_1_340' title='bbox 1726 2584 1814 2612; x_wconf 76' lang='lat' dir='ltr'>esse</span> 
     </span>
     <span class='ocr_line' id='line_1_35' title="bbox 266 2633 1814 2696; baseline 0.002 -18"><span class='ocrx_word' id='word_1_341' title='bbox 266 2633 434 2691; x_wconf 76' lang='lat' dir='ltr'>coepit’.</span> <span class='ocrx_word' id='word_1_342' title='bbox 459 2638 571 2679; x_wconf 90' lang='lat' dir='ltr'>hanc</span> <span class='ocrx_word' id='word_1_343' title='bbox 592 2640 761 2681; x_wconf 88' lang='lat' dir='ltr'>tertiam</span> <span class='ocrx_word' id='word_1_344' title='bbox 781 2638 964 2684; x_wconf 80' lang='lat' dir='ltr'>aetatem</span> <span class='ocrx_word' id='word_1_345' title='bbox 982 2643 1028 2683; x_wconf 85' lang='lat' dir='ltr'>in</span> <span class='ocrx_word' id='word_1_346' title='bbox 1049 2644 1153 2684; x_wconf 86' lang='lat' dir='ltr'>duas</span> <span class='ocrx_word' id='word_1_347' title='bbox 1173 2650 1316 2696; x_wconf 86' lang='lat' dir='ltr'>partes</span> <span class='ocrx_word' id='word_1_348' title='bbox 1337 2642 1517 2692; x_wconf 87' lang='lat' dir='ltr'>diuidit,</span> <span class='ocrx_word' id='word_1_349' title='bbox 1538 2641 1696 2696; x_wconf 87' lang='lat' dir='ltr'>primos</span> <span class='ocrx_word' id='word_1_350' title='bbox 1716 2654 1814 2682; x_wconf 88' lang='lat' dir='ltr'>cen—</span> 
     </span>
     <span class='ocr_line' id='line_1_36' title="bbox 267 2710 1814 2767; baseline 0.001 -19"><span class='ocrx_word' id='word_1_351' title='bbox 267 2715 362 2749; x_wconf 92' lang='lat' dir='ltr'>tum</span> <span class='ocrx_word' id='word_1_352' title='bbox 381 2723 516 2750; x_wconf 89' lang='lat' dir='ltr'>annos</span> <span class='ocrx_word' id='word_1_353' title='bbox 538 2723 686 2751; x_wconf 88' lang='lat' dir='ltr'>aureos</span> <span class='ocrx_word' id='word_1_354' title='bbox 702 2725 876 2760; x_wconf 87' lang='lat' dir='ltr'>uocanS,</span> <span class='ocrx_word' id='word_1_355' title='bbox 901 2712 1054 2753; x_wconf 86' lang='lat' dir='ltr'>alteros</span> <span class='ocrx_word' id='word_1_356' title='bbox 1071 2713 1294 2762; x_wconf 86' lang='lat' dir='ltr'>scelestos;</span> <span class='ocrx_word' id='word_1_357' title='bbox 1318 2712 1456 2767; x_wconf 86' lang='lat' dir='ltr'>priore</span> <span class='ocrx_word' id='word_1_358' title='bbox 1475 2718 1596 2766; x_wconf 81' lang='lat' dir='ltr'>parte</span> <span class='ocrx_word' id='word_1_359' title='bbox 1617 2710 1814 2751; x_wconf 83' lang='lat' dir='ltr'>absoluta</span> 
     </span>
     <span class='ocr_line' id='line_1_37' title="bbox 266 2778 1812 2836; baseline 0.002 -18"><span class='ocrx_word' id='word_1_360' title='bbox 266 2778 443 2819; x_wconf 84' lang='lat' dir='ltr'>alteram</span> <span class='ocrx_word' id='word_1_361' title='bbox 463 2793 507 2820; x_wconf 84' lang='lat' dir='ltr'>se</span> <span class='ocrx_word' id='word_1_362' title='bbox 527 2779 683 2821; x_wconf 87' lang='lat' dir='ltr'>iterum</span> <span class='ocrx_word' id='word_1_363' title='bbox 703 2780 944 2822; x_wconf 84' lang='lat' dir='ltr'>diuisurum</span> <span class='ocrx_word' id='word_1_364' title='bbox 965 2796 1055 2822; x_wconf 89' lang='lat' dir='ltr'>esse</span> <span class='ocrx_word' id='word_1_365' title='bbox 1075 2782 1341 2836; x_wconf 81' lang='lat' dir='ltr'>pronuntiat,</span> <span class='ocrx_word' id='word_1_366' title='bbox 1365 2788 1414 2822; x_wconf 87' lang='lat' dir='ltr'>ut</span> <span class='ocrx_word' id='word_1_367' title='bbox 1424 2781 1610 2836; x_wconf 87' lang='lat' dir='ltr'>primum</span> <span class='ocrx_word' id='word_1_368' title='bbox 1619 2787 1812 2830; x_wconf 82' lang='lat' dir='ltr'>externa,</span> 
     </span>
     <span class='ocr_line' id='line_1_38' title="bbox 267 2848 1811 2905; baseline 0.001 -17"><span class='ocrx_word' id='word_1_369' title='bbox 267 2855 359 2888; x_wconf 90' lang='lat' dir='ltr'>tum</span> <span class='ocrx_word' id='word_1_370' title='bbox 380 2848 525 2890; x_wconf 78' lang='lat' dir='ltr'>ciuilia</span> <span class='ocrx_word' id='word_1_371' title='bbox 540 2850 654 2890; x_wconf 88' lang='lat' dir='ltr'>bella</span> <span class='ocrx_word' id='word_1_372' title='bbox 674 2858 840 2891; x_wconf 87' lang='lat' dir='ltr'>enarret</span> <span class='ocrx_word' id='word_1_373' title='bbox 867 2866 895 2905; x_wconf 92' lang='lat' dir='ltr'>p</span> <span class='ocrx_word' id='word_1_374' title='bbox 919 2855 986 2901; x_wconf 88' lang='grc'>56,</span> <span class='ocrx_word' id='word_1_375' title='bbox 1013 2856 1058 2901; x_wconf 87' lang='grc'>5,</span> <span class='ocrx_word' id='word_1_376' title='bbox 1084 2867 1167 2905; x_wconf 85' lang='grc'>(1110</span> <span class='ocrx_word' id='word_1_377' title='bbox 1195 2853 1394 2892; x_wconf 84' lang='lat' dir='ltr'>lectorem</span> <span class='ocrx_word' id='word_1_378' title='bbox 1422 2858 1593 2892; x_wconf 88' lang='lat' dir='ltr'>reuocat</span> <span class='ocrx_word' id='word_1_379' title='bbox 1624 2864 1652 2905; x_wconf 91' lang='lat' dir='ltr'>p</span> <span class='ocrx_word' id='word_1_380' title='bbox 1676 2855 1744 2900; x_wconf 85' lang='lat'>75,</span> <span class='ocrx_word' id='word_1_381' title='bbox 1768 2854 1811 2900; x_wconf 89' lang='grc'>9,</span> 
     </span>
     <span class='ocr_line' id='line_1_39' title="bbox 268 2913 1816 2976; baseline 0.002 -18"><span class='ocrx_word' id='word_1_382' title='bbox 268 2925 494 2972; x_wconf 84' lang='lat' dir='ltr'>postquam</span> <span class='ocrx_word' id='word_1_383' title='bbox 515 2926 689 2961; x_wconf 86' lang='lat' dir='ltr'>externa</span> <span class='ocrx_word' id='word_1_384' title='bbox 707 2920 820 2962; x_wconf 85' lang='lat' dir='ltr'>bella</span> <span class='ocrx_word' id='word_1_385' title='bbox 840 2920 1038 2962; x_wconf 86' lang='lat' dir='ltr'>absoluit.</span> <span class='ocrx_word' id='word_1_386' title='bbox 1084 2921 1267 2976; x_wconf 88' lang='lat' dir='ltr'>denique</span> <span class='ocrx_word' id='word_1_387' title='bbox 1287 2913 1387 2962; x_wconf 75' lang='lat' dir='ltr'>inde</span> <span class='ocrx_word' id='word_1_388' title='bbox 1409 2935 1434 2961; x_wconf 88' lang='lat' dir='ltr'>a</span> <span class='ocrx_word' id='word_1_389' title='bbox 1453 2935 1481 2974; x_wconf 92' lang='lat' dir='ltr'>p</span> <span class='ocrx_word' id='word_1_390' title='bbox 1508 2925 1601 2969; x_wconf 84' lang='lat'>105,</span> <span class='ocrx_word' id='word_1_391' title='bbox 1626 2924 1649 2960; x_wconf 92' lang='lat'>8</span> <span class='ocrx_word' id='word_1_392' title='bbox 1671 2925 1816 2961; x_wconf 82' lang='lat' dir='ltr'>narrat</span> 
     </span>
    </p>
   </div>
  </div>
 </body>
</html>
