2002 3320
275 229 357 264 IIII
774 258 785 263 -
907 236 1169 264 PRAEFATIO.

277 345 370 377 tum
399 351 493 376 meo
525 335 696 376 arbitrio
725 342 798 375 aut
828 337 995 376 ederem
1026 335 1201 376 Florum
1229 340 1304 375 aut
1338 349 1598 389 reponerem.
1651 335 1826 376 tandem

276 407 434 447 amicae
456 420 555 459 erga
574 420 642 445 me
663 405 879 446 uoluntati
900 406 1138 446 cedendum
1158 403 1311 458 putaui
1338 411 1380 445 et
1410 404 1456 444 in
1477 405 1731 446 conferendo
1753 419 1820 446 co-

276 476 389 525 dice,
414 484 622 529 quantum
642 475 741 515 inde
763 475 913 515 auxilii
934 476 987 515 ad
1009 475 1184 516 Florum
1204 473 1516 516 restituendum
1546 482 1690 529 petere
1719 475 1823 516 lice·

278 555 341 586 ret
353 578 364 594 ,
385 545 531 586 statim
546 545 755 585 intellexi.
788 559 916 598 quare
938 560 1036 585 cum
1052 545 1243 585 animum
1263 544 1442 599 inprobo
1463 545 1756 586 commentarii
1775 544 1823 585 in

279 616 531 656 quenalem
548 615 757 656 scribendi
773 615 914 655 labore
930 615 1088 656 fessum
1105 615 1245 669 aliqua
1260 615 1497 656 mutatione
1514 617 1684 656 reficere
1701 629 1826 669 cupe-

279 701 384 735 rem,
404 684 518 726 Flori
539 692 762 739 postquam
779 685 864 739 logi
880 685 1009 726 etiam
1031 686 1303 735 emendandi,
1327 692 1535 740 quantum
1554 685 1646 726 fieri
1665 691 1824 739 posset,

280 770 425 796 curam
463 754 642 808 suscepi.
692 769 775 808 quo
811 755 966 796 certius
997 762 1142 796 autem
1179 755 1510 796 fundamentum
1537 755 1673 810 operis
1701 756 1824 809 perfi-

280 825 419 865 ciendi
441 825 619 865 iacerem
639 825 827 865 codicem
854 839 879 865 a
898 825 1183 866 Mommsenio
1212 826 1383 867 adiutus
1412 826 1526 866 intra
1551 839 1709 879 paucos
1738 825 1827 866 dies

279 895 344 936 bis
375 894 552 935 contuli.
606 894 808 936 Halmius
840 903 1009 945 autem,
1052 895 1122 936 cui
1149 895 1338 949 codicem
1366 895 1609 937 redditurus
1638 893 1828 935 indicaui
1888 896 1891 899 ’

280 965 383 1019 quid
414 964 581 1005 consilii
609 953 837 1018 cepissem,
860 980 948 1006 non
975 973 1202 1007 contentus
1231 966 1389 1007 librum
1418 964 1829 1020 praestantissimum

281 1034 623 1075 subministrasse
644 1035 795 1089 quouis
816 1036 941 1076 modo
963 1050 1068 1090 opus
1089 1036 1309 1090 inceptum
1339 1035 1586 1076 adiuturum
1607 1049 1650 1076 se
1670 1034 1827 1089 promi-

281 1104 359 1154 sit,
383 1111 425 1144 et
445 1104 651 1158 promissa
681 1119 937 1159 quamquam
960 1106 1110 1147 multis
1133 1114 1174 1146 et
1196 1105 1459 1160 grauissimis
1481 1104 1628 1146 officiis
1650 1118 1827 1158 occupa-

278 1182 347 1214 tus
368 1174 681 1228 promptissima
702 1175 926 1216 uoluntate
948 1183 1074 1230 atque
1097 1176 1309 1216 indefesso
1330 1176 1472 1217 studio
1493 1181 1696 1216 executus
1718 1181 1795 1215 est.

394 1245 488 1285 Iam
518 1259 619 1284 uero
655 1252 754 1284 ante
790 1245 933 1286 omnia
967 1260 1072 1299 opus
1101 1253 1190 1286 erat
1219 1254 1270 1286 ut
1297 1245 1486 1286 codicem
1519 1245 1825 1297 Nazarianum,

282 1329 410 1368 quem
432 1321 608 1367 excepto
628 1315 934 1369 Bambergensi
953 1315 1301 1370 antiquissimum
1321 1322 1362 1355 et
1384 1315 1594 1369 optimum
1611 1329 1700 1355 esse
1723 1314 1825 1355 satis

280 1387 525 1433 constabat,
549 1378 838 1439 Heidelberga‘
865 1385 1156 1436 nanciscerer,
1180 1385 1336 1440 quippe
1359 1400 1486 1439 que-m
1506 1399 1531 1425 a
1552 1384 1761 1426 salmasio
1782 1390 1828 1424 et

280 1456 465 1496 Grutero
499 1469 587 1495 non
617 1469 666 1495 ea
704 1470 832 1509 quam
868 1455 995 1496 hodie
1034 1455 1321 1496 desideramus
1360 1469 1462 1495 cura
1489 1456 1708 1495 conlatum
1737 1468 1827 1495 esse

280 1524 484 1578 suspicari
504 1523 641 1564 licuit.
684 1525 764 1565 hac
793 1539 959 1579 quoque
988 1525 1035 1565 in
1055 1539 1100 1565 re
1128 1539 1204 1579 pro
1223 1539 1292 1565 me
1321 1524 1610 1566 intercedente
1631 1525 1828 1566 Gustauo

280 1594 621 1644 Hartensteinio,
645 1609 772 1648 quem
792 1602 955 1635 certum
975 1595 1021 1635 in
1041 1610 1085 1635 re
1106 1595 1269 1635 incerta
1290 1595 1474 1635 amicum
1494 1601 1693 1648 expertus
1715 1609 1826 1644 sum,

279 1672 445 1719 praeter
465 1664 754 1706 Nazarianum
778 1665 911 1705 alium
932 1679 1099 1718 quoque
1130 1665 1247 1705 Flori
1276 1665 1464 1706 codicem
1484 1664 1762 1705 recentiorem
1783 1672 1827 1705 et

282 1735 474 1776 Iordanis
497 1734 714 1788 egregium
735 1736 915 1775 utendos
938 1735 1095 1789 accepi.

392 1804 526 1845 Hisce
556 1804 688 1858 igitur
716 1804 986 1858 potissimum
1025 1806 1224 1848 subsidiis
1256 1805 1428 1846 adiutus
1460 1805 1575 1846 Flori
1611 1804 1744 1845 uerba
1775 1804 1830 1844 ad.

280 1874 444 1915 codices
466 1875 825 1928 Bambergensem
855 1882 981 1929 atque
1007 1876 1051 1917 N
1054 1876 1322 1926 azarianum,
1357 1875 1549 1916 adhibito
1580 1874 1711 1915 etiam
1738 1875 1828 1915 Ior-

282 1945 407 1994 dane,
432 1951 625 1985 accurate
645 1945 839 1986 recensui
869 1952 911 1985 et
939 1961 1046 2000 quae
1073 1947 1216 1988 minus
1244 1953 1357 1987 recte
1387 1945 1544 2000 scripta
1572 1945 1831 1985 uidebantur

282 2015 506 2055 emendare
528 2014 688 2054 studui.
734 2021 827 2055 tum
847 2016 1019 2057 demum
1050 2031 1100 2057 ea
1129 2031 1237 2071 quae
1258 2031 1283 2056 a
1303 2015 1407 2056 uiris
1425 2015 1559 2056 doctis
1581 2029 1603 2055 e
1623 2013 1830 2055 recentio-

281 2083 400 2124 ribus
421 2083 638 2125 codicibus
669 2091 795 2138 atque
824 2084 1014 2139 ipsorum
1043 2086 1287 2127 coniectura
1318 2087 1371 2126 ad
1401 2085 1647 2139 scriptorem
1672 2084 1829 2125 rectius

284 2153 632 2195 constituendum
675 2155 818 2195 adlata
856 2156 1022 2210 repperi
1076 2156 1303 2210 diligenter
1341 2155 1584 2196 examinata
1618 2155 1665 2195 in
1699 2148 1827 2195 usum

284 2223 410 2264 uerti.
453 2223 514 2264 ita
534 2223 675 2264 uerbis
697 2224 911 2278 scriptoris
933 2225 1154 2280 descriptis
1185 2233 1227 2266 et
1256 2233 1462 2280 apparatu
1491 2225 1636 2266 critico
1665 2224 1831 2278 digesto

285 2294 516 2335 amicorum
537 2293 748 2334 auxilium
769 2294 968 2336 adhibere
988 2310 1063 2350 par
1084 2295 1228 2336 uisum
1249 2303 1326 2336 est.
1370 2295 1513 2336 omnia
1539 2295 1672 2350 igitur
1692 2283 1831 2335 Theo*->

285 2366 386 2405 doro
408 2363 691 2405 Mommsenio
714 2364 892 2414 tradidi,
918 2365 992 2422 qui
1013 2372 1166 2406 cuncta
1200 2372 1393 2406 accurate
1424 2365 1685 2419 perlustrans
1706 2378 1832 2419 quae-

285 2448 466 2487 cumque
496 2433 639 2474 minus
673 2440 785 2474 recte
815 2448 840 2474 a
873 2449 941 2475 me
976 2436 1273 2477 administrata
1307 2435 1566 2476 uidebantur
1594 2434 1764 2476 notauit
1789 2440 1832 2474 et

285 2517 392 2557 quae
411 2503 494 2557 ipsi
514 2503 559 2543 in
580 2509 769 2543 mentem
789 2504 1020 2546 ueniebant
1041 2505 1262 2560 adscripsit
1273 2521 1284 2554 ;
1311 2512 1404 2546 tum
1413 2520 1479 2546 res
1500 2505 1554 2546 ad
1574 2502 1834 2545 Mauricium

286 2572 530 2626 Hauptium
551 2573 691 2613 delata
712 2580 791 2622 est,
815 2574 889 2627 qui
914 2577 1061 2616 eadem
1081 2575 1244 2616 ratione
1266 2589 1373 2630 quae
1394 2582 1572 2628 uterque
1594 2571 1828 2614 elaboraui-

283 2656 379 2684 mus
399 2642 625 2683 recensuit.
669 2643 843 2683 tertium
871 2644 937 2685 his
959 2659 1003 2686 se
1024 2646 1200 2687 Carolus
1230 2646 1274 2687 N
1277 2644 1516 2699 ipperdeius
1552 2642 1830 2684 adiuncturus

286 2719 375 2753 erat
387 2728 399 2761 3
443 2727 594 2753 uerum
624 2713 775 2753 Ienam
795 2722 996 2755 auocatus
1039 2716 1164 2756 Floro
1202 2729 1373 2770 operam
1404 2728 1525 2762 suam
1541 2745 1553 2764 ,
1596 2726 1704 2767 quae
1731 2726 1834 2753 sane

286 2797 415 2836 quam
433 2782 619 2823 maxime
641 2783 837 2824 salutaris
858 2784 1033 2834 fuisset,
1064 2792 1277 2839 praestare
1306 2799 1393 2826 non
1413 2783 1568 2838 potuit.
1620 2783 1709 2824 iam
1728 2796 1832 2824 uero

286 2859 425 2893 totum
445 2867 550 2907 opus
571 2860 671 2907 post
697 2854 971 2895 Mommsenii
1003 2855 1274 2909 Hauptiique
1305 2869 1427 2895 curas
1457 2854 1509 2895 de
1539 2853 1707 2907 integro
1737 2851 1833 2894 dili-

284 2929 433 2974 genter
444 2938 467 2963 a
483 2938 551 2964 me
567 2929 841 2964 retractatum
852 2924 1114 2978 typographo
1126 2925 1294 2966 tradidi.
1320 2924 1510 2978 singulas
1521 2923 1715 2979 plagulas
1723 2922 1835 2964 inter
