2002 3320
210 867 255 905 11

287 238 335 276 14
922 249 1011 278 ινω
1034 248 1162 278 nom

281 348 377 389 stris
398 348 540 388 ualere
560 347 798 401 liberosque
815 362 905 390 esse
925 348 1064 390 iussit.
1099 347 1323 402 Tarquinii
1353 355 1495 390 tamen
1523 355 1613 389 tam
1641 348 1716 389 diu
1745 348 1807 389 di·
1837 349 1870 389 I

279 418 562 465 micauerunt‚
586 417 720 457 donec
733 418 965 459 Arruntem
980 417 1119 458 filium
1138 416 1249 472 regis
1269 432 1400 459 manu
1423 433 1500 459 sua
1520 421 1680 459 Brutus
1702 417 1808 459 ocei-

281 486 343 526 dit
365 499 572 539 superque
592 485 734 539 ipsum
754 493 904 528 mutuo
925 487 1099 528 uolnere
1130 487 1342 541 expirauit
1355 519 1366 537 ,
1391 489 1518 542 plane
1548 488 1669 542 quasi
1691 488 1810 528 adul-

282 563 419 596 terum
441 556 494 596 ad
515 554 671 596 inferos
693 569 826 609 usque
848 552 1134 610 sequeretur.u
1815 557 1879 612 [I]

719 730 772 771 V.
807 725 1052 771 BELLVM
1073 729 1366 770 LATINVM.
1845 737 1864 769 5

284 867 429 909 Latini
451 881 617 921 quoque
635 867 889 920 Tarquinios
911 868 1164 909 adserebant
1184 866 1469 908 aemulatione
1489 875 1531 908 et
1551 867 1739 918 inuidia,
1763 875 1812 909 ut

282 939 465 992 populus
510 936 583 990 qui
620 936 722 977 foris
761 936 1061 978 dominabatur
1112 936 1263 978 saltim*
1292 936 1407 977 domi
1447 936 1638 977 seruiret.
1681 935 1813 991 igitur

283 1021 408 1048 omne
430 1006 605 1047 Latium
624 1005 820 1046 Mamilio
842 1007 1087 1047 Tusculano
1108 1008 1215 1047 duce
1243 1005 1365 1060 quasi
1395 1005 1441 1046 in
1472 1006 1583 1061 regis
1603 1006 1813 1047 ultionem

283 1076 396 1118 tollit
417 1076 595 1117 animos.
621 1082 725 1129 aput
745 1075 907 1130 Regilli
927 1077 1070 1116 lacum
1086 1076 1308 1117 dimicauit
1328 1075 1403 1116 diu
1425 1077 1566 1117 Marte
1582 1076 1718 1126 uario,
1742 1076 1814 1117 do·

282 1160 361 1187 nec
382 1145 631 1187 Postumius
660 1144 751 1198 ipse
779 1145 960 1186 dictator
989 1145 1161 1199 signum
1189 1145 1236 1185 in
1265 1145 1400 1186 hostis
1430 1145 1640 1187 iaculatus
1671 1152 1736 1187 est
1756 1170 1811 1176 —-
1842 1153 1884 1186 10

282 1229 446 1257 nouum
483 1221 525 1255 et
558 1214 727 1268 insigne
748 1199 1037 1256 cominentum
1063 1239 1119 1246 ——-
1149 1222 1198 1256 ut
1218 1215 1318 1255 inde
1338 1222 1610 1269 repeteretur.
1654 1216 1812 1257 Cossus

283 1285 476 1339 equitum
495 1284 698 1338 magister
721 1298 874 1325 exuere
904 1285 1045 1326 frenos
1074 1285 1302 1340 imperauit
1327 1309 1370 1315 -—
1394 1292 1436 1326 et
1465 1285 1546 1326 hoc
1574 1299 1739 1327 nouum
1759 1310 1814 1316 —

283 1369 366 1409 quo
388 1354 526 1396 acrius
547 1354 825 1394 incurrerent.
859 1368 909 1395 ea
936 1355 1119 1408 denique
1150 1354 1348 1395 atrocitas
1377 1354 1460 1395 fuit
1478 1354 1655 1408 proelii,
1678 1362 1728 1396 ut
1747 1355 1812 1395 in-

283 1424 478 1466 terfuisse
501 1424 740 1478 spectaculo
761 1425 861 1464 deos
882 1423 997 1464 fama
1018 1423 1253 1465 tradiderit.
1288 1425 1373 1464 duo
1402 1423 1448 1464 in
1477 1423 1669 1465 candidis
1693 1424 1813 1478 equis

282 1494 460 1535 iuuenes
481 1505 596 1534 more
618 1493 805 1534 siderum
824 1495 1270 1547 praeteruolauerunt;
1315 1494 1535 1535 Castorem
1556 1494 1693 1547 adque
1713 1494 1813 1534 Pol·
1843 1501 1884 1534 15
1917 1501 1921 1504 ’

283 1564 424 1604 lucem
454 1577 579 1604 nemo
609 1562 839 1604 dubitauit.
873 1563 1018 1617 itaque
1049 1570 1091 1604 et
1120 1563 1349 1617 imperator
1378 1563 1468 1617 ipse
1489 1570 1717 1604 ueneratus
1749 1570 1814 1604 est

282 1640 517 1688 pactusque
537 1633 761 1674 uictoriam
781 1633 942 1687 templa
960 1632 1155 1687 promisit
1171 1639 1213 1673 et
1227 1632 1426 1682 reddidit,
1449 1634 1576 1687 plane
1597 1632 1718 1687 quasi
1739 1632 1812 1674 sti—

282 1704 489 1758 pendium
509 1702 868 1744 commilitonibus
890 1702 969 1744 dis.

396 1775 621 1814 Hactenus
641 1786 718 1827 pro
737 1772 955 1822 libertate,
978 1786 1078 1813 mox
1098 1774 1150 1813 de
1178 1771 1335 1813 finibus
1364 1785 1461 1812 cum
1491 1770 1626 1812 isdem
1647 1771 1813 1812 Latinis
1844 1790 1848 1793 -

284 1843 460 1884 adsidue
490 1849 532 1884 et
560 1843 651 1883 sine
679 1842 993 1883 intermissione
1012 1848 1252 1896 pugnatum
1282 1848 1360 1882 est.
1395 1842 1506 1882 Cora
1533 1865 1588 1871 ——
1609 1841 1811 1895 quiscre-
1840 1847 1884 1881 20

284 1913 384 1954 dat?
408 1936 457 1943 —-
484 1919 526 1953 et
545 1911 716 1953 Alsium
738 1911 887 1952 terrori
906 1906 1104 1961 fuerunt,
1144 1911 1356 1952 Satricum
1378 1912 1514 1965 adque
1537 1910 1814 1952 Corniculum

283 1981 543 2036 prouinciae.
568 1978 648 2021 ‘'de
664 1981 834 2023 Verulis
851 1988 894 2022 et
910 1981 1090 2022 Bouillis
1106 2004 1162 2011 -—
1176 1982 1324 2035 pudet,
1344 1982 1417 2021 sed
1433 1980 1805 2034 triumphauimus.
1839 1980 1873 2020 I
1896 2030 1909 2042 .

285 2051 434 2101 Tibur,
457 2064 572 2091 nunc
594 2050 885 2091 suburbanum
898 2082 910 2100 ,
934 2057 976 2091 et
997 2049 1182 2090 aestiuae
1204 2051 1433 2090 Praeneste
1454 2049 1629 2090 deliciae
1649 2063 1813 2090 nuncu·

284 2120 395 2175 patis
425 2121 472 2161 in
500 2102 712 2173 Capitolio
739 2118 851 2160 uotis
880 2119 1148 2172 petebantur.
1191 2118 1304 2159 idem
1333 2125 1435 2159 tunc
1466 2119 1671 2159 Faesulae
1700 2119 1813 2172 quod

285 2190 471 2232 Carrhae
490 2203 652 2243 nuper,
683 2189 796 2230 idem
825 2202 976 2229 nemus
995 2187 1220 2228 Aricinum
1241 2189 1354 2241 quod
1382 2188 1627 2242 Hercynius
1657 2188 1807 2237 saltus,
1839 2194 1884 2228 25

286 2260 504 2315 Fregellae
525 2260 638 2313 quod
658 2257 980 2307 Caesoriacum,
1013 2257 1178 2299 Tiberis
1199 2258 1312 2311 quod
1333 2257 1587 2311 Euphrates.
1621 2256 1812 2312 Coriolos

289 2488 302 2518 1
323 2484 507 2518 tamendiu
522 2483 569 2524 17¹,
599 2487 718 2517 tamen
743 2494 798 2515 om
821 2481 892 2516 [ΡΝ
917 2482 928 2527 Η
954 2482 1080 2516 tandiu
1102 2481 1142 2515 ΙΡ
1175 2482 1187 2528 ΙΙ
1221 2485 1240 2515 3
1265 2481 1415 2516 uulnere
1438 2488 1463 2515 Β
1497 2481 1508 2527 ΙΙ
1542 2483 1561 2515 5
1586 2488 1739 2515 BELLVM
1755 2490 1810 2513 om

283 2549 309 2574 Β
327 2540 338 2586 ΙΙ
364 2542 383 2574 7
400 2540 525 2574 saltem
541 2547 575 2573 N
596 2539 607 2584 ΙΙ
635 2540 654 2572 9
674 2538 864 2572 dimicatur
887 2544 921 2572 N
950 2538 962 2584 ΙΙ
995 2542 1070 2573 arte
1097 2538 1116 2571 b
1142 2538 1153 2583 Η
1185 2540 1224 2572 10
1250 2538 1464 2584 posthumus
1487 2545 1531 2579 Β,
1566 2539 1754 2582 postumus
1778 2542 1813 2569 Ν

301 2595 313 2641 Η
340 2595 490 2640 dignum
505 2602 538 2628 N
567 2594 578 2640 ΙΙ
608 2596 644 2627 11
666 2598 708 2628 ut
723 2593 806 2627 inde
830 2599 1051 2639 repeteretur
1075 2593 1204 2638 εσνζρεί
1223 2593 1446 2627 Perizonium
1469 2595 1628 2627 secutus:
1659 2595 1701 2624 ut
1725 2589 1810 2624 inde

284 2650 360 2696 ipse
376 2653 558 2696 peteretur
573 2659 598 2685 B
609 2676 618 2692 ‚
652 2650 707 2684 uti
723 2654 904 2695 peteretur
921 2661 1027 2684 eursu
1043 2657 1077 2684 Ν
1091 2649 1101 2695 ΙΙ
1123 2652 1163 2684 13
1182 2649 1278 2695 quod
1293 2657 1327 2684 N
1340 2649 1352 2695 ΙΙ
1382 2651 1420 2682 15
1439 2649 1585 2683 iuvenes
1601 2657 1699 2681 more
1716 2645 1808 2680 side-

284 2717 363 2740 rum
380 2706 738 2751 praeteruolauerunt
754 2717 809 2739 om
825 2713 859 2738 N
888 2705 899 2750 Η
932 2705 1113 2750 pullueem
1128 2712 1163 2740 N
1185 2706 1196 2752 ΙΙ
1226 2708 1266 2740 16
1296 2705 1372 2751 ipse
1397 2714 1452 2738 om
1466 2711 1501 2738 N
1529 2701 1540 2748 ΙΙ
1575 2701 1614 2736 18
1640 2701 1716 2736 deis
1739 2709 1773 2735 N
1791 2701 1803 2747 fl

290 2763 330 2796 19
347 2765 494 2796 actenus
509 2769 541 2795 N
565 2761 576 2807 ΙΙ
602 2761 741 2803 Ιιὶεᾷθιῃ
757 2768 782 2794 Β
808 2760 818 2805 ΙΙ
844 2763 886 2794 20
906 2772 987 2795 cora
1005 2773 1027 2801 ς
1039 2775 1051 2794 .-
1091 2772 1171 2796 sora
1184 2768 1244 2795 ΒΝ
1262 2761 1274 2806 ΙΙ
1299 2762 1340 2794 21
1360 2759 1520 2805 algidum
1537 2758 1595 2804 ΝΗ
1614 2759 1658 2792 22
1682 2757 1808 2792 trium-

286 2817 442 2863 phauere
474 2817 612 2851 romani
633 2816 681 2862 ΙΙΙ
715 2817 756 2849 23
782 2820 945 2860 preneste
967 2824 993 2850 Β
1017 2816 1028 2861 ΙΙ
1047 2819 1089 2850 24
1115 2817 1307 2862 phaesulae
1323 2823 1349 2852 B
1373 2815 1385 2862 ΙΙ
1411 2817 1454 2849 25
1481 2815 1603 2849 can-he
1626 2821 1672 2855 Β,
1708 2812 1807 2847 char-

285 2885 344 2907 rae
367 2882 405 2915 Ι,
442 2884 567 2918 caprae
590 2881 624 2907 N
646 2873 657 2918 ΙΙ
685 2871 880 2917 haecynius
902 2879 946 2912 B,
987 2871 1166 2916 hercylius
1195 2878 1216 2905 Ι
1237 2872 1249 2917 ΙΙ
1277 2873 1321 2905 26
1336 2869 1559 2916 gersoriacum
1589 2869 1686 2916 quod
1702 2867 1807 2914 tigris

285 2928 382 2973 quod
399 2928 552 2962 eufrates
568 2936 601 2962 N
615 2927 626 2973 H
