2002 3320
134 1001 175 1032 10

134 1349 175 1381 15

135 1695 179 1728 20

138 2041 181 2073 25

140 2387 184 2418 30

622 253 625 256 ’
685 265 883 294 Emi-om
904 265 956 302 11,
972 259 1023 292 .13
1048 251 1160 306 [1111,
1184 251 1241 306 2].
1649 252 1724 292 101

199 366 331 409 dedit.
363 364 519 420 quippe
539 370 582 406 et
603 364 850 405 Theodotus
869 363 1073 418 magister
1100 370 1332 417 auctorque
1362 361 1495 403 totius
1524 362 1628 403 belli
1642 395 1655 412 ,
1688 370 1731 404 et

196 451 252 477 ne
272 434 414 476 uirilia
432 433 606 488 quidem
634 441 832 488 portenta
860 432 1075 475 Pothinus
1104 439 1232 486 atque
1262 433 1534 487 Ganymedes
1563 432 1733 473 diuersa

197 519 272 560 per
299 518 415 545 mare
443 511 487 545 et
514 511 646 545 terras
671 503 775 557 fuga
803 509 937 544 morte
966 501 1223 556 consumpti.
1271 502 1382 556 regis
1413 501 1549 555 ipsius
1578 516 1731 556 corpus

198 575 398 616 obrutum
418 573 522 614 limo
542 580 757 628 repertum
776 580 842 614 est
860 572 907 612 in
928 586 1080 613 aureae
1099 571 1254 612 loricae
1274 571 1450 612 honore.

311 645 366 684 In
385 643 491 684 Asia
511 657 680 698 quoque
700 657 839 683 nouus
860 656 1002 683 rerum
1020 648 1163 682 motus
1185 655 1210 681 a
1239 642 1403 691 Ponto,
1435 641 1558 695 quasi
1584 642 1636 682 de
1666 641 1731 682 in-

199 713 365 755 dustria
385 720 584 767 captante
603 713 776 753 fortuna
801 711 918 752 hunc
938 710 1233 752 Mithridatico
1253 725 1385 765 regno
1416 711 1605 760 exitum,
1638 718 1688 752 ut
1708 726 1734 752 a

199 783 405 837 Pompeio
424 790 560 837 pater,
584 797 610 823 a
629 780 943 823 Caesare-filius
959 781 1216 822 uinceretur.
1241 794 1318 821 rex
1333 780 1575 822 Pharnaces
1596 781 1736 835 magis

198 852 433 894 discordiae
453 859 622 894 nostrae
641 851 799 892 fiducia
828 865 958 905 quam
986 865 1088 892 suae
1117 850 1291 891 uirtutis
1321 850 1477 891 infesto
1497 850 1544 891 in
1565 851 1732 905 Cappa·

201 923 368 963 dociam
388 922 558 976 agmine
577 922 741 962 ruebat.
776 921 849 962 sed
877 920 994 961 hunc
1022 921 1178 962 Caesar
1205 921 1430 974 adgressus
1465 934 1552 962 uno
1579 927 1646 969 et,
1683 927 1734 961 ut

203 992 263 1033 sic
284 992 488 1041 dixerim,
521 1006 609 1032 non
630 997 719 1032 toto
739 990 900 1045 proelio
919 990 1098 1031 obtriuit
1117 1004 1233 1031 more
1262 989 1479 1039 fulminis,
1512 991 1625 1043 quod
1644 1005 1733 1031 uno

201 1063 435 1116 eodemque
455 1067 672 1102 momento
701 1060 823 1101 uenit
856 1059 1065 1114 percussit
1095 1059 1312 1100 abscessit.
1359 1074 1439 1100 nec
1465 1074 1581 1100 uana
1607 1061 1660 1101 de
1689 1074 1734 1101 se

200 1130 458 1185 praedicatio
479 1137 543 1171 est
563 1129 771 1178 Caesaris,
796 1136 895 1169 ante
915 1129 1083 1170 hostem
1103 1128 1267 1170 uictum
1288 1143 1379 1170 esse
1395 1143 1524 1182 quam
1543 1129 1701 1170 uisum.

315 1200 387 1242 Sic
407 1214 506 1241 cum
526 1199 680 1240 exteris
694 1231 706 1248 ,
745 1206 789 1239 at
818 1198 866 1240 in
885 1198 1032 1240 Africa
1051 1213 1151 1239 cum
1179 1198 1347 1240 ciuibus
1382 1199 1520 1239 multo
1549 1199 1733 1240 atrocius

202 1285 330 1325 quam
349 1270 395 1310 in
416 1269 655 1310 Pharsalia.
689 1269 760 1310 hic
788 1269 988 1323 reliquias
1014 1269 1201 1323 partium
1225 1269 1535 1323 naufragarum
1559 1269 1735 1323 quidam

203 1341 328 1394 fugae
350 1346 492 1381 aestus
513 1339 735 1392 expulerat
747 1355 758 1388 3
791 1353 870 1379 nec
890 1338 1090 1392 reliquias
1112 1339 1296 1388 diceres,
1320 1340 1394 1380 sed
1413 1338 1629 1393 integrum
1648 1338 1736 1379 bel-

202 1410 310 1450 lum.
344 1423 514 1463 sparsae
542 1408 679 1462 magis
700 1423 830 1462 quam
849 1422 1072 1462 oppressae
1092 1408 1205 1449 uires
1226 1415 1347 1449 erant
1358 1425 1370 1457 3
1403 1414 1580 1450 auxerat
1600 1422 1736 1449 sacra-

203 1486 399 1519 mentum
418 1478 511 1532 ipsa
539 1478 680 1518 clades
709 1477 997 1532 imperatoris,
1033 1492 1113 1518 nec
1146 1478 1430 1532 degenerabat
1457 1479 1618 1518 ducum
1645 1492 1737 1518 suc-

204 1537 351 1588 cessioss
385 1548 542 1602 quippe
562 1547 664 1589 satis
686 1547 825 1602 ample
842 1548 1050 1588 sonabant
1065 1547 1111 1587 in
1128 1547 1381 1602 Pompeiani
1396 1547 1582 1589 nominis
1597 1548 1739 1589 locum

206 1618 314 1659 Cato
335 1624 378 1658 et
399 1617 557 1672 Scipio.
604 1616 781 1658 accessit
809 1616 941 1670 copiis
962 1617 1257 1658 Mauretaniae
1276 1631 1352 1657 rex
1371 1618 1505 1666 Iuba,
1537 1617 1739 1658 uidelicet

207 1693 258 1728 ut
277 1686 407 1728 latius
427 1686 618 1728 uinceret
639 1687 810 1727 Caesar.
851 1685 963 1727 nihil
991 1700 1090 1740 ergo
1110 1686 1222 1728 inter
1242 1686 1511 1728 Pharsaliam
1532 1694 1574 1727 ct
1594 1686 1738 1741 Thap-

207 1771 308 1806 son,
345 1756 430 1797 nisi
450 1757 563 1810 quod
584 1756 806 1810 amplior-3
840 1770 975 1810 eoque
1004 1756 1138 1797 acrior
1166 1756 1519 1798 Caesarianorum
1553 1755 1739 1810 impetus

206 1826 314 1875 fuit,
345 1825 666 1879 indignantium
694 1832 793 1879 post
821 1825 1078 1879 Pompeium
1104 1825 1289 1867 creuisse
1316 1825 1503 1874 bellum;
1537 1826 1737 1879 denique,

208 1897 323 1949 quod
356 1895 461 1937 alias
492 1909 752 1949 numquam,
790 1901 890 1936 ante
918 1895 1146 1950 imperium
1175 1895 1296 1936 ducis
1326 1909 1404 1936 sua
1439 1902 1590 1949 sponte
1618 1895 1741 1950 sigua

209 1964 469 2006 cecinerunt.
512 1972 555 2006 et
573 1963 762 2019 primum
782 1971 942 2018 strages
973 1979 998 2005 a
1027 1965 1138 2021 Iuba
1167 1964 1331 2019 coepit,
1368 1964 1492 2005 cuius
1523 1963 1742 2018 elephanti

207 2033 418 2074 bellorum
453 2035 578 2075 rudes
617 2041 660 2075 et
694 2048 831 2088 nuper
867 2048 893 2074 a
930 2034 1042 2075 silua
1076 2034 1336 2075 consternati
1371 2033 1513 2075 subito
1544 2033 1741 2087 clangore

206 2100 412 2144 lituorum
431 2103 477 2144 in
498 2118 597 2144 suos
624 2118 715 2144 sese
743 2103 1041 2157 circumegere.
1089 2103 1236 2145 statim
1264 2103 1474 2145 exercitus
1501 2102 1548 2144 in
1577 2103 1740 2156 fugam,

207 2186 287 2212 nec
315 2173 445 2213 duces
471 2172 624 2214 fortius
655 2187 785 2226 quam
815 2179 865 2213 ut
885 2173 1135 2226 effugerent.
1184 2187 1272 2213 non
1301 2171 1578 2225 inconspicua
1599 2178 1743 2213 tamen

208 2255 320 2281 mors
340 2241 548 2281 omnium.
581 2241 667 2281 iam
688 2241 832 2295 Scipio
851 2255 964 2281 naue
984 2241 1197 2294 fugiebat,
1223 2241 1298 2281 sed
1317 2240 1528 2283 adsecutis
1549 2240 1744 2282 hostibus

210 2309 402 2362 gladium
438 2323 513 2362 per
542 2309 707 2350 uiscera
733 2309 876 2363 exegit
914 2315 956 2349 et
968 2340 983 2359 ,
1016 2309 1091 2350 ubi
1120 2316 1232 2351 esset
1262 2311 1446 2363 quodam
1483 2309 1741 2363 requirente,

213 2378 430 2433 respondit
459 2379 539 2420 hoc
568 2379 711 2434 ipsum
734 2375 868 2421 ‘bene
896 2392 940 2421 se
968 2378 1099 2422 habet
1126 2374 1384 2435 imperator.²
1431 2379 1541 2422 Iuba
1569 2395 1669 2422 cum
1700 2395 1745 2422 se

214 2604 234 2635 2
259 2602 466 2647 ganimedes
490 2609 515 2635 B
533 2602 581 2647 {13
608 2607 646 2637 et
669 2609 783 2649 morte
804 2605 864 2651 ΝΠ
882 2608 902 2639 5
929 2609 1066 2639 mortus
1088 2616 1129 2639 ac
1153 2610 1282 2651 sponte
1307 2605 1409 2652 quasi
1432 2613 1458 2640 B
1475 2605 1486 2650 [Ι
1504 2610 1616 2650 ponto
1641 2604 1745 2650 plane

215 2658 318 2703 quasi
332 2666 363 2692 N
380 2659 390 2703 [Ι
409 2660 429 2692 6
450 2662 491 2692 ut
507 2659 672 2704 pompeio
694 2668 721 2694 Β
737 2660 749 2706 ΙΙ
768 2662 788 2694 8
811 2660 963 2695 fiduciae
987 2668 1013 2694 B
1030 2659 1042 2705 H
1059 2660 1205 2696 uirtutis
1231 2673 1316 2696 suae
1338 2662 1397 2708 ΝΠ
1415 2663 1436 2696 9
1457 2661 1599 2695 ruiebat
1626 2668 1658 2693 Ν
1673 2660 1684 2704 ΙΙ
1706 2661 1743 2692 ll

214 2712 368 2748 abcessit
384 2722 418 2747 N
432 2714 443 2759 ΙΙ
462 2726 527 2748 nec
545 2726 618 2749 una
631 2723 656 2749 Β
674 2715 685 2761 ΙΙ
706 2717 746 2749 12
764 2715 902 2750 uictum
919 2715 1059 2750 hostem
1074 2723 1108 2750 N
1121 2716 1133 2763 ΙΙ
1155 2719 1194 2751 13
1212 2717 1259 2751 ad
1273 2714 1332 2763 ΝΠ
1355 2719 1394 2751 14
1419 2717 1491 2750 huc
1516 2724 1548 2749 N
1564 2716 1574 2760 fil
1592 2715 1748 2760 reliquas

213 2776 238 2802 Β
255 2768 267 2813 ΙΙ
283 2769 430 2814 quidam
448 2770 578 2806 suroris
594 2775 713 2805 aestus
729 2778 760 2805 Ν
776 2771 788 2816 ΙΙ
808 2773 849 2806 18
866 2771 929 2816 qui
945 2771 1020 2818 ipse
1035 2780 1062 2807 B
1078 2773 1091 2819 fl
1108 2773 1259 2808 sonabat
1274 2782 1299 2807 Β
1317 2774 1328 2818 ΙΙ
1349 2776 1389 2807 19
1406 2770 1604 2806 moretanie
1619 2778 1644 2803 Β
1663 2770 1674 2814 ΙΙ
1702 2771 1746 2804 20

215 2829 342 2869 tapson
357 2835 391 2861 Ν
405 2827 417 2872 ΙΙ
434 2828 474 2860 21
495 2838 786 2861 caesareanorum
809 2834 836 2860 B
853 2826 864 2872 [Ι
882 2829 925 2861 24
951 2831 987 2861 et
1009 2829 1163 2873 primum
1188 2842 1244 2863 om
1267 2837 1300 2863 N
1314 2829 1325 2873 Η
1343 2829 1429 2862 iuua
1450 2834 1484 2860 N
1498 2827 1510 2871 ΙΙ
1527 2826 1604 2860 eius
1627 2833 1660 2859 N
1674 2825 1685 2869 11
1705 2827 1747 2858 26

217 2878 388 2916 lituorum
406 2902 447 2908 —
465 2882 704 2928 circumegere
721 2894 777 2916 om
791 2890 826 2916 N
839 2882 852 2927 l}
868 2894 946 2917 sese
963 2883 1149 2918 Seebodius
1160 2898 1172 2917 :
1198 2896 1274 2918 esse
1299 2892 1322 2917 Β
1340 2884 1351 2928 ΙΙ
1369 2882 1490 2918 statim
1508 2887 1544 2916 et
1570 2881 1749 2916 exercitus

215 2942 248 2969 N
262 2935 274 2979 11
291 2937 333 2968 27
351 2941 389 2970 et
404 2937 513 2972 duces
528 2946 561 2972 N
575 2939 585 2983 ΙΙ
604 2941 646 2973 25
663 2943 776 2973 morte
792 2947 825 2972 N
839 2939 850 2984 Η
868 2938 982 2974 hostis
998 2948 1023 2973 Β
1041 2940 1051 2983 ΙΙ
1072 2943 1113 2973 29
1131 2939 1246 2984 exigit
1262 2948 1286 2972 Β
1304 2941 1315 2983 Η
