2002 3320
173 768 194 800 5

909 136 926 168 δ’

639 288 840 318 Brr'roMA
861 288 915 327 11,
938 272 1086 315 31—'33
1110 273 1220 330 [1111,
1246 274 1324 330 12].
1682 274 1757 313 121

252 414 482 458 XXXIII.
515 413 763 455 BELLVM
783 412 904 454 CAN
907 411 1223 453 TABRICVM
1244 410 1321 452 ET
1340 409 1711 451 ASTVRICVM.

224 549 315 592 Sub
335 561 487 590 occasu
506 553 658 601 pacata
678 553 768 587 erat
788 546 875 587 fere
895 544 1034 587 omnis
1055 543 1273 599 Hispania
1292 542 1377 584 nisi
1397 556 1529 598 quam
1548 541 1761 596 Pyrenaei

224 618 460 661 desinentis
483 617 667 673 scopulis
688 617 984 661 inhaerentem
1003 614 1173 657 citerior
1202 614 1404 655 adluebat
1432 613 1647 655 Oceanus.
1690 612 1761 653 hic

224 690 332 731 duae
352 688 642 730 ualidissimae
661 694 828 743 gentes,
852 685 1058 729 Cantabri
1078 692 1121 727 et
1140 686 1336 734 Astures,
1359 683 1573 725 immunes
1593 682 1763 738 imperii

223 759 460 815 agitabant.
495 759 808 800 Cantabrorum
825 764 871 799 et
890 757 1005 812 prior
1025 762 1068 798 et
1098 755 1232 798 acrior
1260 762 1303 797 et
1329 754 1466 810 magis
1494 754 1694 810 pertinax
1714 754 1762 795 in

221 830 465 871 rebellando
487 829 655 871 animus
674 828 774 879 fuit,
797 827 872 883 qui
890 843 979 869 non
999 826 1191 869 contenti
1209 826 1453 868 libertatem
1473 839 1596 867 suam
1615 825 1760 866 defen-

223 901 320 941 dere
354 899 559 954 proximis
599 899 730 941 etiam
776 899 1019 953 imperitare
1061 897 1330 952 temptabant
1376 897 1676 950 Vaccaeosque
1716 902 1760 936 et

223 971 459 1026 Turmogos
480 978 523 1012 et
542 970 803 1025 Autrigonas
824 969 980 1011 crebris
999 967 1315 1010 incursionibus
1335 967 1588 1022 fagitabant.
1613 965 1660 1006 in
1679 966 1759 1007 hos

222 1040 368 1095 igitur,
391 1041 493 1096 quia
512 1040 812 1083 uehementius
833 1055 957 1096 agere
975 1039 1313 1088 nuntiabantur,
1346 1052 1436 1079 non
1457 1044 1521 1078 est
1542 1036 1758 1091 expeditio

153 1119 200 1151 10
223 1112 440 1161 mandata,
463 1113 538 1153 sed
559 1119 744 1166 sumpta.
769 1110 860 1165 ipse
876 1110 998 1151 uenit
1015 1109 1296 1164 Segisamam,
1320 1116 1458 1150 castra
1476 1108 1636 1163 posuit,
1659 1108 1761 1149 inde

154 1472 195 1504 15

151 1823 195 1856 20

151 2174 195 2208 25

223 1180 432 1236 tripertito
453 1181 644 1223 exercitu
665 1188 801 1223 totam
821 1179 1099 1223 Cantabriam
1129 1180 1352 1234 amplexus
1387 1179 1558 1220 efferam
1585 1187 1760 1234 gentem

220 1251 308 1293 ritu
336 1252 522 1294 ferarum
556 1252 679 1306 quasi
707 1253 893 1306 quadam
921 1251 1099 1306 cogebat
1127 1249 1347 1305 indagine.
1394 1265 1474 1291 nec
1503 1251 1556 1291 ab
1587 1250 1759 1291 Oceano

221 1322 357 1376 quies,
380 1337 479 1364 cum
498 1322 655 1364 infesta
674 1323 807 1364 classe
827 1322 920 1376 ipsa
941 1336 1108 1376 quoque
1125 1328 1243 1375 terga
1258 1320 1449 1362 hostium
1465 1322 1756 1362 caederentur.

220 1392 407 1447 primum
429 1394 633 1433 aduersus
654 1392 889 1434 Cantabros
910 1392 990 1433 sub
1010 1391 1234 1433 moenibus
1254 1391 1464 1446 Bergidae
1484 1391 1755 1446 proeliatum.

222 1463 325 1503 hinc
362 1462 509 1504 statim
538 1462 641 1516 fuga
671 1461 718 1502 in
748 1461 1137 1504 eminentissimum
1165 1462 1377 1504 Vindium
1414 1469 1632 1512 montem,
1676 1477 1760 1516 quo

219 1533 355 1574 maria
373 1532 492 1588 prius
513 1532 675 1574 Oceani
696 1547 824 1587 quam
844 1547 962 1574 arma
989 1534 1188 1574 Romana
1208 1547 1435 1574 ascensura
1454 1546 1545 1573 esse
1575 1532 1761 1574 credide-

219 1610 332 1645 rant.
381 1603 505 1645 tertio
533 1603 778 1644 Aracelium
807 1603 1013 1658 oppidum
1040 1618 1199 1659 magna
1228 1603 1275 1644 ui
1304 1608 1516 1658 repugnat
1529 1618 1543 1652 ;
1586 1609 1761 1658 captum

221 1682 365 1716 tamen
395 1681 609 1728 postremo
635 1674 718 1715 fuit
753 1674 936 1715 Medulli
969 1674 1128 1715 montis
1163 1673 1353 1724 obsidio,
1392 1689 1520 1728 quem
1555 1681 1762 1728 perpetua

223 1746 371 1786 decem
391 1751 434 1786 et
454 1751 549 1786 octo
576 1744 745 1786 milium
771 1745 884 1787 fossa
913 1744 1256 1800 conprehensum
1284 1745 1475 1799 undique
1506 1744 1635 1786 simul
1663 1747 1760 1787 ade-

223 1822 328 1856 unte
349 1816 547 1856 Romano
575 1822 799 1870 postquam
822 1822 1012 1857 extrema
1029 1815 1197 1856 barbari
1226 1815 1402 1865 uident,
1436 1815 1631 1856 certatim
1659 1815 1760 1870 igne

220 1886 329 1927 ferro
349 1900 600 1940 uenenoque
613 1918 625 1935 ,
661 1887 775 1940 quod
803 1885 863 1927 ibi
891 1886 1019 1940 uolgo
1049 1893 1174 1927 taxeo
1204 1885 1480 1940 exprimitur,
1510 1900 1760 1940 praecepere

219 1964 423 2006 mortem,
455 1971 583 2011 seque
604 1971 700 2011 pars
721 1956 856 1998 maior
877 1972 902 1998 a
922 1956 1172 2014 captiuitate
1186 1989 1198 2006 ,
1231 1971 1339 2011 quae
1359 1963 1495 1998 morte
1514 1957 1686 2011 grauior
1707 1959 1761 1998 ad

221 2026 265 2067 id
286 2034 453 2082 tempus
474 2027 694 2069 indomitis
716 2027 964 2077 uidebatur,
988 2027 1334 2069 uindicauerunt.
1377 2027 1482 2068 haec
1511 2042 1586 2082 per
1611 2029 1759 2069 Antis-

222 2094 333 2139 tium
353 2098 647 2152 Furniumque
676 2099 839 2153 legatos
868 2105 911 2139 et
931 2097 1167 2152 Agrippam
1187 2099 1418 2139 hibernans
1440 2098 1486 2138 in
1508 2098 1760 2140 Tarraconis

221 2167 447 2210 maritimis
468 2169 624 2210 Caesar
645 2168 822 2223 accepit.
847 2183 949 2210 mox
969 2168 1059 2223 ipse
1080 2184 1279 2223 praesens
1300 2169 1379 2210 hos
1401 2167 1582 2209 deduxit
1601 2166 1757 2207 monti—

229 2314 242 2346 1
263 2322 416 2348 natam
451 2322 721 2349 CAxrAnmcvnr
754 2323 801 2349 ET
824 2322 1037 2349 ASTVRICVM
1071 2326 1126 2349 om
1154 2323 1188 2349 N
1211 2315 1222 2361 ΙΙ
1249 2317 1268 2349 2
1292 2315 1366 2351 fere
1393 2320 1469 2351 erat
1494 2323 1527 2350 N
1548 2316 1559 2361 ΙΙ
1586 2312 1761 2361 hyspania

223 2378 249 2404 Β
267 2370 278 2415 ΙΙ
297 2374 316 2404 3
334 2370 504 2405 abluebat
519 2379 544 2406 B
562 2371 573 2416 ΙΙ
591 2375 610 2405 5
628 2371 736 2406 altior
749 2378 782 2405 N
797 2371 808 2416 ΙΙ
833 2374 854 2404 6
881 2370 1081 2405 continenti
1103 2379 1137 2406 N
1151 2372 1162 2417 ΙΙ
1182 2374 1200 2405 7
1228 2384 1429 2419 uaceosque
1451 2381 1477 2408 B
1495 2373 1505 2418 ΙΙ
1525 2375 1544 2407 8
1570 2382 1762 2416 curmogos

225 2434 258 2460 N
272 2427 283 2472 ΙΙ
302 2427 508 2473 aurigantes
535 2435 579 2469 B,
607 2428 799 2473 aurigonas
820 2435 853 2462 N
868 2428 879 2473 ΙΙ
909 2430 929 2462 9
955 2439 1027 2473 qua
1047 2436 1074 2462 B
1100 2428 1111 2473 1Ι
1137 2429 1374 2465 nuntiabatur
1398 2438 1423 2464 Β
1448 2430 1459 2475 ΙΙ
1486 2441 1560 2464 non
1592 2427 1763 2462 mandata

225 2482 408 2528 expeditio
425 2483 488 2517 sed
505 2489 648 2530 sumpta
670 2489 725 2518 est
749 2491 782 2517 N
805 2483 816 2530 ΙΙ
845 2485 885 2519 10
911 2484 1140 2530 segissamam
1165 2492 1316 2521 castram
1340 2486 1481 2532 possuit
1496 2494 1527 2520 N
1543 2486 1555 2531 ΙΙ
1572 2485 1657 2520 inde
1683 2495 1763 2530 per-

224 2539 293 2574 tito
309 2547 342 2573 N
356 2539 367 2585 11
389 2541 426 2574 11
447 2544 559 2574 totam
576 2540 710 2574 indiem
726 2540 912 2586 amplexus
937 2542 1156 2577 cantabriam
1182 2551 1215 2577 N
1230 2544 1241 2590 ΙΙ
1264 2546 1302 2577 12
1328 2544 1430 2590 quasi
1456 2542 1627 2589 indagine
1652 2540 1762 2575 bella-

225 2595 288 2630 bat
320 2597 386 2642 Nss
415 2598 452 2630 13
480 2597 592 2631 infeta
623 2605 657 2631 N
678 2598 689 2642 ΙΙ
717 2599 757 2631 14
790 2598 950 2644 belgicae
982 2606 1016 2632 N
1037 2600 1048 2645 ΙΙ
1082 2600 1278 2646 proeliatus
1308 2600 1366 2645 ΝΙΙ
1389 2602 1427 2634 15
1462 2599 1583 2635 statim
1606 2611 1661 2632 om
1685 2598 1744 2642 NH

227 2652 282 2686 ui·
285 2653 348 2687 niu
374 2653 408 2694 b,
438 2653 493 2687 ui·
495 2653 636 2687 niuium
660 2661 703 2695 Β,
730 2654 895 2689 ninnium
918 2663 953 2689 N
973 2655 984 2701 ΙΙ
1011 2667 1083 2702 qua
1104 2664 1138 2690 N
1159 2657 1170 2702 Η
1193 2659 1232 2691 16
1258 2657 1459 2692 crediderat
1482 2664 1516 2691 N
1530 2656 1542 2701 ΙΙ
1564 2657 1601 2689 17
1630 2653 1760 2688 aracel-

225 2708 300 2743 lum
315 2718 352 2751 Β,
372 2709 557 2744 aracillum
572 2717 605 2744 N
619 2710 630 2756 ss
649 2715 837 2756 oppugnat
859 2713 912 2757 Bu
934 2713 974 2745 19
999 2721 1051 2746 xv
1074 2712 1133 2758 Nss
1152 2713 1437 2759 conprehensum
1463 2713 1577 2747 cinxit
1601 2711 1761 2755 undique

223 2772 257 2798 N
270 2765 282 2810 ΙΙ
300 2767 339 2798 21
360 2765 453 2800 ferro
471 2765 565 2800 inter
581 2766 704 2813 epulas
721 2779 933 2814 uenenoque
958 2776 993 2802 N
1006 2769 1017 2813 ΙΙ
1036 2769 1149 2815 uulgo
1173 2778 1199 2804 Β
1216 2771 1228 2816 fl
1245 2775 1352 2804 taxeo
1378 2769 1591 2814 exprimitur
1613 2766 1761 2811 scripsi:

226 2832 271 2855 ex
287 2822 474 2857 arboribus
491 2828 597 2857 taxeo
615 2823 872 2869 exprimiturB‚
894 2836 938 2859 ex
955 2824 1143 2860 arboribus
1160 2827 1275 2861 taxeis
1292 2826 1504 2871 exprimitur
1520 2832 1552 2858 N
1567 2825 1578 2870 ΙΙ
1597 2834 1760 2868 praecoe-

226 2889 309 2922 pere
325 2886 361 2920 Β,
381 2880 584 2926 praecipere
600 2889 633 2914 N
647 2882 657 2926 Η
677 2883 719 2915 22
737 2881 851 2927 magis
867 2890 892 2916 B
909 2882 921 2927 H
939 2894 960 2916 a
976 2894 1031 2916 om
1055 2890 1081 2916 B
1107 2883 1118 2927 ΙΙ
1144 2895 1251 2928 quam
1275 2891 1300 2916 Β
1327 2883 1337 2926 ΙΙ
1363 2886 1478 2915 morte
1504 2900 1544 2906 —
1573 2878 1759 2913 indomitis

225 2947 279 2967 om
295 2942 327 2968 N
343 2935 354 2979 ΙΙ
372 2938 413 2969 23
433 2937 690 2971 uenundarunt
706 2946 730 2971 B
749 2938 759 2983 Η
777 2938 952 2973 antatium
970 2947 995 2973 Β
1013 2940 1023 2984 ΙΙ
1042 2942 1081 2973 21
1103 2939 1314 2983 firmumque
1333 2947 1356 2972 Β
1368 2963 1376 2978 ,
1407 2937 1547 2971 firmum
1573 2944 1605 2969 N
1621 2936 1631 2979 Ϊξ
1650 2941 1685 2969 ct
1702 2948 1757 2968 om

218 2999 249 3025 N
264 2991 274 3036 ᾖ
294 2993 483 3027 terratoriis
500 3002 536 3035 Β,
558 2995 779 3030 tarrachouis
800 3004 831 3029 N
846 2997 856 3041 Ῑῖ
875 2999 916 3029 25
937 3008 1019 3029 mox
1037 3008 1091 3028 om
1111 3003 1138 3028 N
1158 2998 1160 3039 ᾗ
