<?xml version="1.0" encoding="UTF-8"?>
<!DOCTYPE html PUBLIC "-//W3C//DTD XHTML 1.0 Transitional//EN"
    "http://www.w3.org/TR/xhtml1/DTD/xhtml1-transitional.dtd">
<html xmlns="http://www.w3.org/1999/xhtml" xml:lang="en" lang="en">
 <head>
  <title>
</title>
<meta http-equiv="Content-Type" content="text/html;charset=utf-8" />
  <meta name='ocr-system' content='tesseract 3.04.00' />
  <meta name='ocr-capabilities' content='ocr_page ocr_carea ocr_par ocr_line ocrx_word'/>
</head>
<body>
  <div class='ocr_page' id='page_1' title='image "./epitomaedetitol00floruoft_0027.png"; bbox 0 0 2002 3320; ppageno 0'>
   <div class='ocr_carea' id='block_1_1' title="bbox 858 222 1776 260">
    <p class='ocr_par' dir='ltr' id='par_1_1' title="bbox 858 222 1776 260">
     <span class='ocr_line' id='line_1_1' title="bbox 858 222 1776 260; baseline 0 -2"><span class='ocrx_word' id='word_1_1' title='bbox 858 229 1119 259; x_wconf 64' lang='lat' dir='ltr'><strong>munt-nlo.</strong></span> <span class='ocrx_word' id='word_1_2' title='bbox 1633 222 1776 260; x_wconf 90' lang='lat' dir='ltr'>XXIII</span> 
     </span>
    </p>
   </div>
   <div class='ocr_carea' id='block_1_2' title="bbox 217 332 1775 1192">
    <p class='ocr_par' dir='ltr' id='par_1_2' title="bbox 217 332 1775 1192">
     <span class='ocr_line' id='line_1_2' title="bbox 513 332 1575 389; baseline 0.002 -20"><span class='ocrx_word' id='word_1_3' title='bbox 513 334 552 370; x_wconf 90' lang='lat' dir='ltr'><em>B</em></span> <span class='ocrx_word' id='word_1_4' title='bbox 1055 332 1096 369; x_wconf 88' lang='lat' dir='ltr'><em>X</em></span> <span class='ocrx_word' id='word_1_5' title='bbox 1239 384 1244 389; x_wconf 29' lang='grc' dir='ltr'><em>Π</em></span> <span class='ocrx_word' id='word_1_6' title='bbox 1525 334 1575 371; x_wconf 90' lang='grc' dir='ltr'><em>Ν</em></span> 
     </span>
     <span class='ocr_line' id='line_1_3' title="bbox 217 391 1775 478; baseline 0.001 -17"><span class='ocrx_word' id='word_1_7' title='bbox 217 436 245 476; x_wconf 91' lang='lat' dir='ltr'>p</span> <span class='ocrx_word' id='word_1_8' title='bbox 268 426 336 471; x_wconf 86' lang='lat'><strong>45,</strong></span> <span class='ocrx_word' id='word_1_9' title='bbox 357 425 407 461; x_wconf 86' lang='lat'><strong>24</strong></span> <span class='ocrx_word' id='word_1_10' title='bbox 425 420 576 475; x_wconf 84' lang='lat' dir='ltr'><strong>capitis</strong></span> <span class='ocrx_word' id='word_1_11' title='bbox 622 434 758 462; x_wconf 86' lang='lat' dir='ltr'><strong>errore</strong></span> <span class='ocrx_word' id='word_1_12' title='bbox 854 419 1006 475; x_wconf 79' lang='lat' dir='ltr'><strong>capitis</strong></span> <span class='ocrx_word' id='word_1_13' title='bbox 1043 435 1180 462; x_wconf 82' lang='lat' dir='ltr'><strong>errore</strong></span> <span class='ocrx_word' id='word_1_14' title='bbox 1208 391 1298 475; x_wconf 52' lang='lat' dir='ltr'><strong>leig-</strong></span> <span class='ocrx_word' id='word_1_15' title='bbox 1347 422 1498 478; x_wconf 88' lang='lat' dir='ltr'><strong>capitis</strong></span> <span class='ocrx_word' id='word_1_16' title='bbox 1528 429 1571 464; x_wconf 88' lang='lat' dir='ltr'><strong>et</strong></span> <span class='ocrx_word' id='word_1_17' title='bbox 1599 422 1775 463; x_wconf 81' lang='lat' dir='ltr'><strong>iactaret</strong></span> 
     </span>
     <span class='ocr_line' id='line_1_4' title="bbox 437 479 1731 554; baseline 0.001 -23"><span class='ocrx_word' id='word_1_18' title='bbox 437 490 625 544; x_wconf 84' lang='lat' dir='ltr'><strong>lapsaret</strong></span> <span class='ocrx_word' id='word_1_19' title='bbox 898 479 1009 554; x_wconf 48' lang='grc' dir='ltr'><strong>ζὲἒῐ</strong></span> <span class='ocrx_word' id='word_1_20' title='bbox 1389 507 1525 535; x_wconf 88' lang='lat' dir='ltr'><strong>errore</strong></span> <span class='ocrx_word' id='word_1_21' title='bbox 1546 493 1731 547; x_wconf 86' lang='lat' dir='ltr'><strong>lapsaret</strong></span> 
     </span>
     <span class='ocr_line' id='line_1_5' title="bbox 267 560 1771 618; baseline 0.003 -19"><span class='ocrx_word' id='word_1_22' title='bbox 267 565 336 611; x_wconf 88' lang='grc'><strong>47,</strong></span> <span class='ocrx_word' id='word_1_23' title='bbox 362 565 407 602; x_wconf 88' lang='grc'><strong>11</strong></span> <span class='ocrx_word' id='word_1_24' title='bbox 426 560 768 616; x_wconf 81' lang='lat' dir='ltr'><strong>perthaebosque</strong></span> <span class='ocrx_word' id='word_1_25' title='bbox 1345 578 1420 618; x_wconf 90' lang='lat' dir='ltr'><strong>per</strong></span> <span class='ocrx_word' id='word_1_26' title='bbox 1447 563 1618 604; x_wconf 84' lang='lat' dir='ltr'><strong>acerbos</strong></span> <span class='ocrx_word' id='word_1_27' title='bbox 1649 562 1771 604; x_wconf 85' lang='lat' dir='ltr'><strong>dubi-</strong></span> 
     </span>
     <span class='ocr_line' id='line_1_6' title="bbox 478 647 1750 710; baseline 0.002 -12"><span class='ocrx_word' id='word_1_28' title='bbox 478 699 487 708; x_wconf 58' lang='lat'><em>,</em></span> <span class='ocrx_word' id='word_1_29' title='bbox 603 699 611 707; x_wconf 44' lang='lat'>¹</span> <span class='ocrx_word' id='word_1_30' title='bbox 1132 671 1242 700; x_wconf 69' lang='lat' dir='ltr'><strong>transit</strong></span> <span class='ocrx_word' id='word_1_31' title='bbox 1388 647 1531 710; x_wconf 35' lang='lat' dir='ltr'><strong>(3qu92</strong></span> <span class='ocrx_word' id='word_1_32' title='bbox 1742 702 1750 709; x_wconf 60' lang='lat'>‚</span> 
     </span>
     <span class='ocr_line' id='line_1_7' title="bbox 267 701 1773 763; baseline 0.001 -22"><span class='ocrx_word' id='word_1_33' title='bbox 267 705 335 750; x_wconf 91' lang='lat'><strong>72,</strong></span> <span class='ocrx_word' id='word_1_34' title='bbox 356 703 407 740; x_wconf 87' lang='grc'><strong>23</strong></span> <span class='ocrx_word' id='word_1_35' title='bbox 424 701 686 741; x_wconf 83' lang='lat' dir='ltr'><strong>bntanmam</strong></span> <span class='ocrx_word' id='word_1_36' title='bbox 714 706 829 740; x_wconf 85' lang='lat' dir='ltr'><strong>tran·</strong></span> <span class='ocrx_word' id='word_1_37' title='bbox 854 707 1114 750; x_wconf 78' lang='lat' dir='ltr'><strong>britanniam</strong></span> <span class='ocrx_word' id='word_1_38' title='bbox 1134 708 1243 763; x_wconf 87' lang='lat' dir='ltr'><strong>petit</strong></span> <span class='ocrx_word' id='word_1_39' title='bbox 1342 703 1606 744; x_wconf 83' lang='lat' dir='ltr'><strong>bntanmam</strong></span> <span class='ocrx_word' id='word_1_40' title='bbox 1665 709 1773 756; x_wconf 74' lang='lat' dir='ltr'><strong>petit</strong></span> 
     </span>
     <span class='ocr_line' id='line_1_8' title="bbox 435 769 1716 814; baseline 0.002 -3"><span class='ocrx_word' id='word_1_41' title='bbox 435 769 490 811; x_wconf 91' lang='lat' dir='ltr'><strong>sit</strong></span> <span class='ocrx_word' id='word_1_42' title='bbox 1386 772 1434 813; x_wconf 86' lang='lat' dir='ltr'><strong>in</strong></span> <span class='ocrx_word' id='word_1_43' title='bbox 1453 772 1716 814; x_wconf 72' lang='lat' dir='ltr'>britanniam</span> 
     </span>
     <span class='ocr_line' id='line_1_9' title="bbox 977 843 1540 890; baseline 0 -6"><span class='ocrx_word' id='word_1_44' title='bbox 977 881 981 884; x_wconf 86' lang='lat'>.</span> <span class='ocrx_word' id='word_1_45' title='bbox 1013 883 1020 890; x_wconf 82' lang='lat'><strong>,</strong></span> <span class='ocrx_word' id='word_1_46' title='bbox 1086 882 1094 890; x_wconf 82' lang='lat'><em>,</em></span> <span class='ocrx_word' id='word_1_47' title='bbox 1386 843 1540 885; x_wconf 80' lang='lat' dir='ltr'><strong>transit</strong></span> 
     </span>
     <span class='ocr_line' id='line_1_10' title="bbox 263 882 1771 974; baseline 0.002 -25"><span class='ocrx_word' id='word_1_48' title='bbox 263 912 334 959; x_wconf 82' lang='lat'><strong>92,</strong></span> <span class='ocrx_word' id='word_1_49' title='bbox 355 914 406 949; x_wconf 79' lang='lat'><strong>24</strong></span> <span class='ocrx_word' id='word_1_50' title='bbox 423 907 691 965; x_wconf 84' lang='lat' dir='ltr'><strong>paenitentia</strong></span> <span class='ocrx_word' id='word_1_51' title='bbox 851 882 1117 974; x_wconf 52' lang='grc' dir='ltr'><strong>Ρῆθῐῗῖἷὲιῐῗέἑ</strong></span> <span class='ocrx_word' id='word_1_52' title='bbox 1343 913 1609 968; x_wconf 82' lang='lat' dir='ltr'><strong>paenitentia</strong></span> <span class='ocrx_word' id='word_1_53' title='bbox 1642 913 1771 968; x_wconf 83' lang='lat' dir='ltr'><strong>pesti-</strong></span> 
     </span>
     <span class='ocr_line' id='line_1_11' title="bbox 1271 983 1522 1029; baseline 0 -5"><span class='ocrx_word' id='word_1_54' title='bbox 1271 1021 1278 1029; x_wconf 82' lang='lat'><strong>,</strong></span> <span class='ocrx_word' id='word_1_55' title='bbox 1387 983 1522 1025; x_wconf 85' lang='lat' dir='ltr'><strong>lentia</strong></span> 
     </span>
     <span class='ocr_line' id='line_1_12' title="bbox 263 1030 1771 1109; baseline -0.003 -21"><span class='ocrx_word' id='word_1_56' title='bbox 263 1052 333 1098; x_wconf 85' lang='lat'><strong>93,</strong></span> <span class='ocrx_word' id='word_1_57' title='bbox 359 1052 405 1089; x_wconf 91' lang='grc'><strong>19</strong></span> <span class='ocrx_word' id='word_1_58' title='bbox 424 1062 471 1088; x_wconf 88' lang='lat' dir='ltr'><strong>m</strong></span> <span class='ocrx_word' id='word_1_59' title='bbox 505 1053 774 1102; x_wconf 73' lang='lat' dir='ltr'><strong>praesentem</strong></span> <span class='ocrx_word' id='word_1_60' title='bbox 849 1058 898 1099; x_wconf 79' lang='grc'><strong>111</strong></span> <span class='ocrx_word' id='word_1_61' title='bbox 955 1030 1296 1100; x_wconf 53' lang='grc' dir='ltr'><strong>Μεθῃῇθωμὲἓῖ</strong></span> <span class='ocrx_word' id='word_1_62' title='bbox 1344 1053 1668 1108; x_wconf 74' lang='lat' dir='ltr'><strong>inpraesentem</strong></span> <span class='ocrx_word' id='word_1_63' title='bbox 1676 1069 1771 1109; x_wconf 69' lang='lat' dir='ltr'>par-</span> 
     </span>
     <span class='ocr_line' id='line_1_13' title="bbox 393 1113 1771 1192; baseline 0.006 -34"><span class='ocrx_word' id='word_1_64' title='bbox 393 1165 397 1169; x_wconf 91' lang='lat'>.</span> <span class='ocrx_word' id='word_1_65' title='bbox 435 1131 556 1159; x_wconf 91' lang='lat' dir='ltr'><strong>reum</strong></span> <span class='ocrx_word' id='word_1_66' title='bbox 891 1113 986 1192; x_wconf 49' lang='lat'><strong>311⁸?</strong></span> <span class='ocrx_word' id='word_1_67' title='bbox 1386 1122 1566 1165; x_wconf 86' lang='lat' dir='ltr'><strong>rieidam</strong></span> <span class='ocrx_word' id='word_1_68' title='bbox 1585 1123 1632 1165; x_wconf 90' lang='lat' dir='ltr'><strong>in</strong></span> <span class='ocrx_word' id='word_1_69' title='bbox 1652 1138 1771 1178; x_wconf 88' lang='lat' dir='ltr'><strong>prae-</strong></span> 
     </span>
    </p>
   </div>
   <div class='ocr_carea' id='block_1_3' title="bbox 214 1200 1767 1321">
    <p class='ocr_par' dir='ltr' id='par_1_3' title="bbox 214 1200 1767 1321">
     <span class='ocr_line' id='line_1_14' title="bbox 1387 1200 1693 1236; baseline -0.007 0"><span class='ocrx_word' id='word_1_70' title='bbox 1387 1200 1553 1236; x_wconf 84' lang='lat' dir='ltr'><strong>sentem</strong></span> <span class='ocrx_word' id='word_1_71' title='bbox 1573 1208 1693 1235; x_wconf 87' lang='lat' dir='ltr'><strong>reum</strong></span> 
     </span>
     <span class='ocr_line' id='line_1_15' title="bbox 214 1255 1767 1321; baseline -0.003 -13"><span class='ocrx_word' id='word_1_72' title='bbox 214 1273 343 1321; x_wconf 84' lang='lat' dir='ltr'><strong>atque</strong></span> <span class='ocrx_word' id='word_1_73' title='bbox 362 1266 430 1307; x_wconf 89' lang='lat' dir='ltr'><strong>his</strong></span> <span class='ocrx_word' id='word_1_74' title='bbox 451 1266 625 1321; x_wconf 91' lang='lat' dir='ltr'><strong>quidem</strong></span> <span class='ocrx_word' id='word_1_75' title='bbox 644 1264 750 1307; x_wconf 86' lang='lat' dir='ltr'><strong>locis</strong></span> <span class='ocrx_word' id='word_1_76' title='bbox 770 1269 809 1305; x_wconf 93' lang='lat' dir='ltr'><em>B</em></span> <span class='ocrx_word' id='word_1_77' title='bbox 827 1278 882 1306; x_wconf 87' lang='lat' dir='ltr'><strong>ex</strong></span> <span class='ocrx_word' id='word_1_78' title='bbox 901 1255 1068 1305; x_wconf 78' lang='lat' dir='ltr'><strong>duabus</strong></span> <span class='ocrx_word' id='word_1_79' title='bbox 1103 1262 1358 1305; x_wconf 88' lang='lat' dir='ltr'><strong>lectionibus</strong></span> <span class='ocrx_word' id='word_1_80' title='bbox 1389 1278 1537 1306; x_wconf 83' lang='lat' dir='ltr'><strong>ueram</strong></span> <span class='ocrx_word' id='word_1_81' title='bbox 1557 1263 1767 1306; x_wconf 84' lang='lat' dir='ltr'><strong>seruauit:</strong></span> 
     </span>
    </p>
   </div>
   <div class='ocr_carea' id='block_1_4' title="bbox 214 1332 1574 1447">
    <p class='ocr_par' dir='ltr' id='par_1_4' title="bbox 214 1332 1574 1447">
     <span class='ocr_line' id='line_1_16' title="bbox 214 1332 1151 1390; baseline -0.006 -11"><span class='ocrx_word' id='word_1_82' title='bbox 214 1344 280 1379; x_wconf 86' lang='lat' dir='ltr'><strong>est</strong></span> <span class='ocrx_word' id='word_1_83' title='bbox 300 1351 402 1378; x_wconf 90' lang='lat' dir='ltr'><strong>uero</strong></span> <span class='ocrx_word' id='word_1_84' title='bbox 422 1336 554 1378; x_wconf 84' lang='lat' dir='ltr'><strong>etiam</strong></span> <span class='ocrx_word' id='word_1_85' title='bbox 573 1335 650 1378; x_wconf 90' lang='lat' dir='ltr'><strong>ubi</strong></span> <span class='ocrx_word' id='word_1_86' title='bbox 667 1349 848 1390; x_wconf 81' lang='lat' dir='ltr'><strong>prauam</strong></span> <span class='ocrx_word' id='word_1_87' title='bbox 867 1332 1151 1389; x_wconf 86' lang='lat' dir='ltr'><strong>adoptauerit.</strong></span> 
     </span>
     <span class='ocr_line' id='line_1_17' title="bbox 501 1408 1574 1447; baseline -0.002 0"><span class='ocrx_word' id='word_1_88' title='bbox 501 1410 541 1447; x_wconf 91' lang='lat' dir='ltr'>X</span> <span class='ocrx_word' id='word_1_89' title='bbox 1051 1408 1102 1445; x_wconf 93' lang='lat' dir='ltr'><em>N</em></span> <span class='ocrx_word' id='word_1_90' title='bbox 1536 1410 1574 1446; x_wconf 92' lang='lat' dir='ltr'><em>B</em></span> 
     </span>
    </p>
   </div>
   <div class='ocr_carea' id='block_1_5' title="bbox 214 1478 1691 1568">
    <p class='ocr_par' dir='ltr' id='par_1_5' title="bbox 214 1478 1691 1568">
     <span class='ocr_line' id='line_1_18' title="bbox 214 1478 1691 1568; baseline -0.003 -14"><span class='ocrx_word' id='word_1_91' title='bbox 214 1528 242 1568; x_wconf 92' lang='lat' dir='ltr'><strong>p</strong></span> <span class='ocrx_word' id='word_1_92' title='bbox 261 1518 331 1563; x_wconf 89' lang='grc'><strong>44,</strong></span> <span class='ocrx_word' id='word_1_93' title='bbox 356 1519 403 1554; x_wconf 91' lang='grc'><strong>10</strong></span> <span class='ocrx_word' id='word_1_94' title='bbox 422 1513 575 1554; x_wconf 90' lang='lat' dir='ltr'><strong>ducem</strong></span> <span class='ocrx_word' id='word_1_95' title='bbox 585 1478 763 1567; x_wconf 50' lang='lat' dir='ltr'><strong>gglffgegt,</strong></span> <span class='ocrx_word' id='word_1_96' title='bbox 853 1511 1014 1552; x_wconf 84' lang='lat' dir='ltr'><strong>ducum</strong></span> <span class='ocrx_word' id='word_1_97' title='bbox 1028 1524 1184 1564; x_wconf 86' lang='lat' dir='ltr'>genere</span> <span class='ocrx_word' id='word_1_98' title='bbox 1196 1525 1292 1565; x_wconf 84' lang='lat' dir='ltr'><strong>age·</strong></span> <span class='ocrx_word' id='word_1_99' title='bbox 1345 1511 1498 1551; x_wconf 87' lang='lat' dir='ltr'><strong>ducem</strong></span> <span class='ocrx_word' id='word_1_100' title='bbox 1517 1516 1691 1564; x_wconf 83' lang='lat' dir='ltr'><strong>generet</strong></span> 
     </span>
    </p>
   </div>
   <div class='ocr_carea' id='block_1_6' title="bbox 492 1579 1178 1666">
    <p class='ocr_par' dir='ltr' id='par_1_6' title="bbox 492 1579 1178 1666">
     <span class='ocr_line' id='line_1_19' title="bbox 891 1579 1178 1621; baseline 0.003 -1"><span class='ocrx_word' id='word_1_101' title='bbox 891 1594 935 1621; x_wconf 87' lang='lat' dir='ltr'><strong>re</strong></span> <span class='ocrx_word' id='word_1_102' title='bbox 960 1579 1178 1621; x_wconf 84' lang='lat' dir='ltr'><strong>uideretur</strong></span> 
     </span>
     <span class='ocr_line' id='line_1_20' title="bbox 492 1636 634 1666; baseline -0.007 0"><span class='ocrx_word' id='word_1_103' title='bbox 492 1636 634 1666; x_wconf 75' lang='lat' dir='ltr'><strong>uexiilum</strong></span> 
     </span>
    </p>
   </div>
   <div class='ocr_carea' id='block_1_7' title="bbox 266 1671 1770 1723">
    <p class='ocr_par' dir='ltr' id='par_1_7' title="bbox 266 1671 1770 1723">
     <span class='ocr_line' id='line_1_21' title="bbox 266 1671 1770 1723; baseline -0.001 -9"><span class='ocrx_word' id='word_1_104' title='bbox 266 1678 335 1723; x_wconf 88' lang='lat'><strong>86,</strong></span> <span class='ocrx_word' id='word_1_105' title='bbox 361 1678 407 1715; x_wconf 88' lang='lat'><strong>15</strong></span> <span class='ocrx_word' id='word_1_106' title='bbox 427 1675 481 1715; x_wconf 86' lang='lat' dir='ltr'><strong>ad</strong></span> <span class='ocrx_word' id='word_1_107' title='bbox 499 1674 711 1715; x_wconf 85' lang='lat' dir='ltr'><strong>auxilium</strong></span> <span class='ocrx_word' id='word_1_108' title='bbox 734 1689 808 1715; x_wconf 87' lang='lat' dir='ltr'><strong>uo·</strong></span> <span class='ocrx_word' id='word_1_109' title='bbox 853 1673 908 1713; x_wconf 86' lang='lat' dir='ltr'><strong>ad</strong></span> <span class='ocrx_word' id='word_1_110' title='bbox 928 1671 1139 1713; x_wconf 84' lang='lat' dir='ltr'><strong>uexilium</strong></span> <span class='ocrx_word' id='word_1_111' title='bbox 1154 1673 1208 1714; x_wconf 83' lang='lat' dir='ltr'><strong>ad</strong></span> <span class='ocrx_word' id='word_1_112' title='bbox 1221 1687 1294 1714; x_wconf 83' lang='lat' dir='ltr'><strong>au·</strong></span> <span class='ocrx_word' id='word_1_113' title='bbox 1344 1673 1397 1713; x_wconf 87' lang='lat' dir='ltr'><strong>ad</strong></span> <span class='ocrx_word' id='word_1_114' title='bbox 1418 1671 1631 1713; x_wconf 84' lang='lat' dir='ltr'><strong>auxilium</strong></span> <span class='ocrx_word' id='word_1_115' title='bbox 1647 1685 1770 1712; x_wconf 85' lang='lat' dir='ltr'>uoca-</span> 
     </span>
    </p>
   </div>
   <div class='ocr_carea' id='block_1_8' title="bbox 439 1741 1441 1827">
    <p class='ocr_par' dir='ltr' id='par_1_8' title="bbox 439 1741 1441 1827">
     <span class='ocr_line' id='line_1_22' title="bbox 439 1741 1441 1785; baseline -0.001 -1"><span class='ocrx_word' id='word_1_116' title='bbox 439 1743 546 1785; x_wconf 86' lang='lat' dir='ltr'><strong>catis</strong></span> <span class='ocrx_word' id='word_1_117' title='bbox 903 1741 1059 1784; x_wconf 86' lang='lat' dir='ltr'><strong>xilium</strong></span> <span class='ocrx_word' id='word_1_118' title='bbox 1078 1743 1243 1784; x_wconf 85' lang='lat' dir='ltr'><strong>uocatis</strong></span> <span class='ocrx_word' id='word_1_119' title='bbox 1387 1741 1441 1783; x_wconf 87' lang='lat' dir='ltr'><strong>tis</strong></span> 
     </span>
     <span class='ocr_line' id='line_1_23' title="bbox 738 1806 790 1827; baseline -0.019 0"><span class='ocrx_word' id='word_1_120' title='bbox 738 1806 790 1827; x_wconf 68' lang='grc'><strong>18·</strong></span> 
     </span>
    </p>
   </div>
   <div class='ocr_carea' id='block_1_9' title="bbox 267 1833 1771 1919">
    <p class='ocr_par' dir='ltr' id='par_1_9' title="bbox 267 1833 1771 1919">
     <span class='ocr_line' id='line_1_24' title="bbox 267 1833 1771 1886; baseline -0.002 -9"><span class='ocrx_word' id='word_1_121' title='bbox 267 1840 335 1886; x_wconf 87' lang='grc'><strong>53,</strong></span> <span class='ocrx_word' id='word_1_122' title='bbox 356 1841 408 1876; x_wconf 89' lang='grc'><strong>20</strong></span> <span class='ocrx_word' id='word_1_123' title='bbox 427 1850 618 1877; x_wconf 87' lang='lat' dir='ltr'><strong>summae</strong></span> <span class='ocrx_word' id='word_1_124' title='bbox 639 1835 708 1877; x_wconf 89' lang='lat' dir='ltr'><strong>uir</strong></span> <span class='ocrx_word' id='word_1_125' title='bbox 736 1850 810 1876; x_wconf 83' lang='lat' dir='ltr'><strong>au·</strong></span> <span class='ocrx_word' id='word_1_126' title='bbox 853 1849 1046 1877; x_wconf 89' lang='lat' dir='ltr'><strong>summus</strong></span> <span class='ocrx_word' id='word_1_127' title='bbox 1077 1835 1145 1877; x_wconf 87' lang='lat' dir='ltr'><strong>uir</strong></span> <span class='ocrx_word' id='word_1_128' title='bbox 1177 1843 1294 1878; x_wconf 85' lang='lat' dir='ltr'><strong>astu·</strong></span> <span class='ocrx_word' id='word_1_129' title='bbox 1340 1848 1532 1877; x_wconf 84' lang='lat' dir='ltr'><strong>summae</strong></span> <span class='ocrx_word' id='word_1_130' title='bbox 1557 1833 1625 1886; x_wconf 80' lang='lat' dir='ltr'><strong>uir</strong></span> <span class='ocrx_word' id='word_1_131' title='bbox 1641 1834 1771 1875; x_wconf 79' lang='lat' dir='ltr'><strong>auda-</strong></span> 
     </span>
     <span class='ocr_line' id='line_1_25' title="bbox 438 1895 482 1919; baseline 0 0"><span class='ocrx_word' id='word_1_132' title='bbox 438 1895 482 1919; x_wconf 72' lang='lat' dir='ltr'><strong>tut</strong></span> 
     </span>
    </p>
   </div>
   <div class='ocr_carea' id='block_1_10' title="bbox 211 1927 1777 2475">
    <p class='ocr_par' dir='ltr' id='par_1_10' title="bbox 436 1927 1480 1971">
     <span class='ocr_line' id='line_1_26' title="bbox 436 1927 1480 1971; baseline -0.001 -2"><span class='ocrx_word' id='word_1_133' title='bbox 436 1927 584 1970; x_wconf 81' lang='lat' dir='ltr'><strong>daciae</strong></span> <span class='ocrx_word' id='word_1_134' title='bbox 901 1935 970 1970; x_wconf 86' lang='lat' dir='ltr'><strong>tus</strong></span> <span class='ocrx_word' id='word_1_135' title='bbox 992 1935 1035 1971; x_wconf 88' lang='lat' dir='ltr'><strong>et</strong></span> <span class='ocrx_word' id='word_1_136' title='bbox 1059 1929 1239 1971; x_wconf 82' lang='lat' dir='ltr'><strong>audacia</strong></span> <span class='ocrx_word' id='word_1_137' title='bbox 1390 1927 1480 1969; x_wconf 73' lang='lat' dir='ltr'><strong>ciue</strong></span> 
     </span>
    </p>

    <p class='ocr_par' dir='ltr' id='par_1_11' title="bbox 211 1996 1777 2475">
     <span class='ocr_line' id='line_1_27' title="bbox 215 1996 1775 2053; baseline -0.003 -12"><span class='ocrx_word' id='word_1_138' title='bbox 215 2000 296 2041; x_wconf 88' lang='lat' dir='ltr'><strong>hoc</strong></span> <span class='ocrx_word' id='word_1_139' title='bbox 324 1998 479 2041; x_wconf 87' lang='lat' dir='ltr'><strong>ultimo</strong></span> <span class='ocrx_word' id='word_1_140' title='bbox 506 1999 600 2040; x_wconf 86' lang='lat' dir='ltr'>loco</span> <span class='ocrx_word' id='word_1_141' title='bbox 630 1998 745 2040; x_wconf 89' lang='lat' dir='ltr'><strong>enim</strong></span> <span class='ocrx_word' id='word_1_142' title='bbox 776 1998 978 2053; x_wconf 87' lang='lat' dir='ltr'><strong>Olyndici</strong></span> <span class='ocrx_word' id='word_1_143' title='bbox 1009 1999 1234 2041; x_wconf 79' lang='lat' dir='ltr'><strong>audaciam</strong></span> <span class='ocrx_word' id='word_1_144' title='bbox 1268 2012 1357 2040; x_wconf 91' lang='lat' dir='ltr'><strong>non</strong></span> <span class='ocrx_word' id='word_1_145' title='bbox 1386 2007 1511 2053; x_wconf 84' lang='lat' dir='ltr'><strong>posse</strong></span> <span class='ocrx_word' id='word_1_146' title='bbox 1540 1996 1775 2052; x_wconf 75' lang='lat' dir='ltr'><strong>praedicari</strong></span> 
     </span>
     <span class='ocr_line' id='line_1_28' title="bbox 215 2067 1776 2124; baseline -0.003 -13"><span class='ocrx_word' id='word_1_147' title='bbox 215 2076 411 2124; x_wconf 82' lang='lat' dir='ltr'><strong>apertum</strong></span> <span class='ocrx_word' id='word_1_148' title='bbox 431 2075 511 2118; x_wconf 87' lang='lat' dir='ltr'><strong>est,</strong></span> <span class='ocrx_word' id='word_1_149' title='bbox 535 2083 635 2110; x_wconf 88' lang='lat' dir='ltr'><strong>eum</strong></span> <span class='ocrx_word' id='word_1_150' title='bbox 654 2068 702 2109; x_wconf 89' lang='lat' dir='ltr'><strong>in</strong></span> <span class='ocrx_word' id='word_1_151' title='bbox 717 2083 768 2110; x_wconf 90' lang='lat' dir='ltr'><strong>eo</strong></span> <span class='ocrx_word' id='word_1_152' title='bbox 783 2070 898 2123; x_wconf 84' lang='lat' dir='ltr'><strong>quod</strong></span> <span class='ocrx_word' id='word_1_153' title='bbox 916 2070 1174 2112; x_wconf 80' lang='lat' dir='ltr'><strong>uaticinanti</strong></span> <span class='ocrx_word' id='word_1_154' title='bbox 1190 2069 1375 2112; x_wconf 83' lang='lat' dir='ltr'><strong>similem</strong></span> <span class='ocrx_word' id='word_1_155' title='bbox 1395 2083 1439 2110; x_wconf 84' lang='lat' dir='ltr'><strong>se</strong></span> <span class='ocrx_word' id='word_1_156' title='bbox 1459 2068 1634 2123; x_wconf 80' lang='lat' dir='ltr'><strong>gerebat</strong></span> <span class='ocrx_word' id='word_1_157' title='bbox 1653 2067 1776 2108; x_wconf 84' lang='lat' dir='ltr'><strong>nulla</strong></span> 
     </span>
     <span class='ocr_line' id='line_1_29' title="bbox 216 2138 1777 2195; baseline -0.002 -14"><span class='ocrx_word' id='word_1_158' title='bbox 216 2139 395 2181; x_wconf 83' lang='lat' dir='ltr'><strong>audacia</strong></span> <span class='ocrx_word' id='word_1_159' title='bbox 429 2139 762 2194; x_wconf 88' lang='lat' dir='ltr'><strong>perspiceretur,</strong></span> <span class='ocrx_word' id='word_1_160' title='bbox 805 2140 881 2180; x_wconf 89' lang='lat' dir='ltr'><strong>sed</strong></span> <span class='ocrx_word' id='word_1_161' title='bbox 916 2140 1092 2182; x_wconf 80' lang='lat' dir='ltr'><strong>astutia.</strong></span> <span class='ocrx_word' id='word_1_162' title='bbox 1138 2146 1232 2182; x_wconf 85' lang='lat' dir='ltr'><strong>tum</strong></span> <span class='ocrx_word' id='word_1_163' title='bbox 1259 2141 1375 2195; x_wconf 91' lang='lat' dir='ltr'><strong>quod</strong></span> <span class='ocrx_word' id='word_1_164' title='bbox 1403 2138 1550 2180; x_wconf 86' lang='lat' dir='ltr'><strong>statim</strong></span> <span class='ocrx_word' id='word_1_165' title='bbox 1577 2144 1777 2179; x_wconf 82' lang='lat' dir='ltr'><strong>narratur</strong></span> 
     </span>
     <span class='ocr_line' id='line_1_30' title="bbox 211 2204 1770 2266; baseline -0.001 -15"><span class='ocrx_word' id='word_1_166' title='bbox 211 2205 323 2264; x_wconf 80' lang='lat' dir='ltr'><strong>‘pari</strong></span> <span class='ocrx_word' id='word_1_167' title='bbox 342 2204 594 2252; x_wconf 84' lang='lat' dir='ltr'><strong>temeritate&#39;</strong></span> <span class='ocrx_word' id='word_1_168' title='bbox 617 2215 755 2250; x_wconf 80' lang='lat' dir='ltr'><strong>castra</strong></span> <span class='ocrx_word' id='word_1_169' title='bbox 784 2210 973 2252; x_wconf 83' lang='lat' dir='ltr'><strong>consulis</strong></span> <span class='ocrx_word' id='word_1_170' title='bbox 990 2210 1161 2266; x_wconf 81' lang='lat' dir='ltr'><strong>adiisse,</strong></span> <span class='ocrx_word' id='word_1_171' title='bbox 1185 2210 1245 2253; x_wconf 86' lang='lat' dir='ltr'><strong>sic</strong></span> <span class='ocrx_word' id='word_1_172' title='bbox 1275 2212 1449 2252; x_wconf 88' lang='lat' dir='ltr'><strong>demum</strong></span> <span class='ocrx_word' id='word_1_173' title='bbox 1478 2207 1746 2262; x_wconf 86' lang='lat' dir='ltr'><strong>intellegitur</strong></span> <span class='ocrx_word' id='word_1_174' title='bbox 1758 2223 1770 2257; x_wconf 83' lang='lat'><em>3</em></span> 
     </span>
     <span class='ocr_line' id='line_1_31' title="bbox 216 2277 1774 2335; baseline -0.002 -14"><span class='ocrx_word' id='word_1_175' title='bbox 216 2279 432 2328; x_wconf 81' lang='lat' dir='ltr'><strong>temeritas</strong></span> <span class='ocrx_word' id='word_1_176' title='bbox 452 2280 568 2321; x_wconf 89' lang='lat' dir='ltr'><strong>enim</strong></span> <span class='ocrx_word' id='word_1_177' title='bbox 587 2279 791 2334; x_wconf 88' lang='lat' dir='ltr'><strong>Olyndici</strong></span> <span class='ocrx_word' id='word_1_178' title='bbox 810 2295 886 2335; x_wconf 85' lang='lat' dir='ltr'><strong>par</strong></span> <span class='ocrx_word' id='word_1_179' title='bbox 914 2280 997 2322; x_wconf 85' lang='lat' dir='ltr'><strong>fuit</strong></span> <span class='ocrx_word' id='word_1_180' title='bbox 1025 2280 1223 2322; x_wconf 81' lang='lat' dir='ltr'><strong>astutiae.</strong></span> <span class='ocrx_word' id='word_1_181' title='bbox 1271 2286 1490 2334; x_wconf 85' lang='lat' dir='ltr'><strong>praeterea</strong></span> <span class='ocrx_word' id='word_1_182' title='bbox 1517 2277 1774 2332; x_wconf 82' lang='lat' dir='ltr'><strong>quibusdam</strong></span> 
     </span>
     <span class='ocr_line' id='line_1_32' title="bbox 218 2348 1775 2403; baseline -0.001 -13"><span class='ocrx_word' id='word_1_183' title='bbox 218 2348 322 2396; x_wconf 81' lang='lat' dir='ltr'><strong>locis</strong></span> <span class='ocrx_word' id='word_1_184' title='bbox 342 2354 381 2390; x_wconf 92' lang='lat' dir='ltr'><em>B</em></span> <span class='ocrx_word' id='word_1_185' title='bbox 415 2356 638 2403; x_wconf 89' lang='lat' dir='ltr'><strong>utramque</strong></span> <span class='ocrx_word' id='word_1_186' title='bbox 665 2349 895 2391; x_wconf 83' lang='lat' dir='ltr'><strong>lectionem</strong></span> <span class='ocrx_word' id='word_1_187' title='bbox 915 2349 1164 2400; x_wconf 87' lang='lat' dir='ltr'><strong>coniunxit,</strong></span> <span class='ocrx_word' id='word_1_188' title='bbox 1213 2365 1313 2392; x_wconf 89' lang='lat' dir='ltr'><strong>cum</strong></span> <span class='ocrx_word' id='word_1_189' title='bbox 1347 2354 1396 2392; x_wconf 95' lang='lat' dir='ltr'><em>N</em></span> <span class='ocrx_word' id='word_1_190' title='bbox 1422 2349 1600 2391; x_wconf 84' lang='lat' dir='ltr'><strong>alteram</strong></span> <span class='ocrx_word' id='word_1_191' title='bbox 1634 2356 1775 2390; x_wconf 85' lang='lat' dir='ltr'><strong>utram</strong></span> 
     </span>
     <span class='ocr_line' id='line_1_33' title="bbox 217 2418 1117 2475; baseline 0.001 -15"><span class='ocrx_word' id='word_1_192' title='bbox 217 2418 418 2474; x_wconf 88' lang='lat' dir='ltr'><strong>elegerit,</strong></span> <span class='ocrx_word' id='word_1_193' title='bbox 441 2426 517 2460; x_wconf 84' lang='lat' dir='ltr'><strong>aut</strong></span> <span class='ocrx_word' id='word_1_194' title='bbox 537 2433 684 2460; x_wconf 86' lang='lat' dir='ltr'><strong>ueram</strong></span> <span class='ocrx_word' id='word_1_195' title='bbox 704 2426 753 2461; x_wconf 86' lang='lat' dir='ltr'><strong>ut</strong></span> <span class='ocrx_word' id='word_1_196' title='bbox 773 2418 890 2460; x_wconf 85' lang='lat' dir='ltr'><strong>hisce</strong></span> <span class='ocrx_word' id='word_1_197' title='bbox 911 2419 1117 2475; x_wconf 85' lang='lat' dir='ltr'><strong>exemplis</strong></span> 
     </span>
    </p>
   </div>
   <div class='ocr_carea' id='block_1_11' title="bbox 215 2492 1773 2910">
    <p class='ocr_par' dir='ltr' id='par_1_12' title="bbox 215 2492 1773 2910">
     <span class='ocr_line' id='line_1_34' title="bbox 495 2492 1570 2531; baseline 0.002 -2"><span class='ocrx_word' id='word_1_198' title='bbox 495 2492 545 2529; x_wconf 94' lang='lat' dir='ltr'><em>N</em></span> <span class='ocrx_word' id='word_1_199' title='bbox 1054 2494 1095 2531; x_wconf 91' lang='lat' dir='ltr'><strong>X</strong></span> <span class='ocrx_word' id='word_1_200' title='bbox 1531 2495 1570 2530; x_wconf 93' lang='lat' dir='ltr'><em>B</em></span> 
     </span>
     <span class='ocr_line' id='line_1_35' title="bbox 215 2557 1773 2614; baseline -0.001 -14"><span class='ocrx_word' id='word_1_201' title='bbox 215 2575 243 2614; x_wconf 93' lang='lat' dir='ltr'><strong>p</strong></span> <span class='ocrx_word' id='word_1_202' title='bbox 261 2564 331 2610; x_wconf 84' lang='lat'><strong>44,</strong></span> <span class='ocrx_word' id='word_1_203' title='bbox 381 2564 404 2599; x_wconf 90' lang='grc'>4</span> <span class='ocrx_word' id='word_1_204' title='bbox 423 2564 664 2600; x_wconf 86' lang='lat' dir='ltr'><strong>conuentus</strong></span> <span class='ocrx_word' id='word_1_205' title='bbox 691 2557 810 2599; x_wconf 87' lang='lat' dir='ltr'><strong>forti·</strong></span> <span class='ocrx_word' id='word_1_206' title='bbox 851 2567 1079 2602; x_wconf 78' lang='lat' dir='ltr'><strong>contentus</strong></span> <span class='ocrx_word' id='word_1_207' title='bbox 1133 2560 1297 2603; x_wconf 82' lang='lat' dir='ltr'><strong>fortiter</strong></span> <span class='ocrx_word' id='word_1_208' title='bbox 1346 2560 1554 2602; x_wconf 82' lang='lat' dir='ltr'><strong>indixisse</strong></span> <span class='ocrx_word' id='word_1_209' title='bbox 1600 2565 1773 2600; x_wconf 89' lang='lat' dir='ltr'><strong>conten·</strong></span> 
     </span>
     <span class='ocr_line' id='line_1_36' title="bbox 440 2615 1772 2694; baseline -0.001 -24"><span class='ocrx_word' id='word_1_210' title='bbox 440 2636 504 2670; x_wconf 88' lang='lat' dir='ltr'><strong>ter</strong></span> <span class='ocrx_word' id='word_1_211' title='bbox 523 2628 731 2670; x_wconf 82' lang='lat' dir='ltr'><strong>indixisse</strong></span> <span class='ocrx_word' id='word_1_212' title='bbox 896 2615 1104 2694; x_wconf 43' lang='lat' dir='ltr'><strong>{3333}ae</strong></span> <span class='ocrx_word' id='word_1_213' title='bbox 1391 2637 1460 2672; x_wconf 86' lang='lat' dir='ltr'><strong>tus</strong></span> <span class='ocrx_word' id='word_1_214' title='bbox 1472 2629 1637 2671; x_wconf 86' lang='lat' dir='ltr'><strong>fortiter</strong></span> <span class='ocrx_word' id='word_1_215' title='bbox 1647 2628 1772 2670; x_wconf 90' lang='lat' dir='ltr'><strong>indu-</strong></span> 
     </span>
     <span class='ocr_line' id='line_1_37' title="bbox 962 2700 1503 2762; baseline -0.002 -21"><span class='ocrx_word' id='word_1_216' title='bbox 962 2737 1058 2762; x_wconf 73' lang='lat' dir='ltr'><strong>ment·</strong></span> <span class='ocrx_word' id='word_1_217' title='bbox 1391 2700 1503 2741; x_wconf 85' lang='lat' dir='ltr'><strong>xisse</strong></span> 
     </span>
     <span class='ocr_line' id='line_1_38' title="bbox 242 2772 1743 2854; baseline -0.001 -45"><span class='ocrx_word' id='word_1_218' title='bbox 242 2772 337 2818; x_wconf 87' lang='lat'><strong>102,</strong></span> <span class='ocrx_word' id='word_1_219' title='bbox 358 2773 410 2809; x_wconf 84' lang='lat'><strong>25</strong></span> <span class='ocrx_word' id='word_1_220' title='bbox 429 2775 695 2810; x_wconf 80' lang='lat' dir='ltr'><strong>armamenta</strong></span> <span class='ocrx_word' id='word_1_221' title='bbox 855 2783 1045 2854; x_wconf 55' lang='lat' dir='ltr'><strong>iffiiim...</strong></span> <span class='ocrx_word' id='word_1_222' title='bbox 1349 2784 1467 2812; x_wconf 83' lang='lat' dir='ltr'><strong>arma</strong></span> <span class='ocrx_word' id='word_1_223' title='bbox 1487 2776 1529 2810; x_wconf 84' lang='lat' dir='ltr'><strong>et</strong></span> <span class='ocrx_word' id='word_1_224' title='bbox 1550 2775 1743 2810; x_wconf 80' lang='lat' dir='ltr'><strong>armenta</strong></span> 
     </span>
     <span class='ocr_line' id='line_1_39' title="bbox 246 2860 1772 2910; baseline 0 -10"><span class='ocrx_word' id='word_1_225' title='bbox 246 2863 342 2910; x_wconf 81' lang='lat'><strong>106,</strong></span> <span class='ocrx_word' id='word_1_226' title='bbox 389 2865 412 2901; x_wconf 83' lang='grc'>9</span> <span class='ocrx_word' id='word_1_227' title='bbox 430 2861 713 2903; x_wconf 84' lang='lat' dir='ltr'><strong>hereditatem</strong></span> <span class='ocrx_word' id='word_1_228' title='bbox 853 2861 1051 2904; x_wconf 88' lang='lat' dir='ltr'><strong>heredem</strong></span> <span class='ocrx_word' id='word_1_229' title='bbox 1349 2869 1392 2903; x_wconf 84' lang='lat' dir='ltr'><strong>et</strong></span> <span class='ocrx_word' id='word_1_230' title='bbox 1412 2861 1611 2902; x_wconf 85' lang='lat' dir='ltr'><strong>heredem</strong></span> <span class='ocrx_word' id='word_1_231' title='bbox 1632 2867 1674 2901; x_wconf 86' lang='lat' dir='ltr'><strong>et</strong></span> <span class='ocrx_word' id='word_1_232' title='bbox 1702 2860 1772 2901; x_wconf 90' lang='lat' dir='ltr'><strong>he-</strong></span> 
     </span>
    </p>
   </div>
   <div class='ocr_carea' id='block_1_12' title="bbox 1391 2930 1615 2972">
    <p class='ocr_par' dir='ltr' id='par_1_13' title="bbox 1391 2930 1615 2972">
     <span class='ocr_line' id='line_1_40' title="bbox 1391 2930 1615 2972; baseline -0.013 0"><span class='ocrx_word' id='word_1_233' title='bbox 1391 2930 1615 2972; x_wconf 81' lang='lat' dir='ltr'><strong>reditatem</strong></span> 
     </span>
    </p>
   </div>
  </div>
 </body>
</html>
