2002 3320
252 262 472 299 XXXVIII
893 271 1065 299 PRAEFA
1075 271 1156 299 ιῚο.

251 369 360 411 fuit?
396 384 481 424 qua
501 370 552 411 de
571 382 616 410 re
636 368 724 409 iam
743 368 846 411 olim
875 370 1120 411 dubitatum
1147 375 1190 410 et
1218 368 1461 424 quaesitum
1490 382 1581 409 esse
1601 368 1803 422 prologus

251 442 398 490 docet,
426 439 566 494 quiin
586 438 759 480 codibus
780 439 1034 493 quibusdam
1051 438 1354 480 recentioribus
1390 438 1599 493 epitomae
1628 452 1803 493 praepo—

252 510 371 552 nitur
391 517 433 551 et
452 509 499 551 in
519 509 661 551 codice
681 508 1036 563 Heidelbergensi
1060 512 1164 550 1568
1188 510 1306 563 (350)
1327 509 1388 549 ita
1408 509 1588 564 scriptus
1610 516 1674 550 est

367 582 495 622 Anno
525 593 614 621 x111
643 578 895 633 olympiadis
925 577 1086 620 Lucius
1114 579 1294 619 Anneus
1324 578 1461 620 Melas
1488 579 1526 620 fr
1556 579 1742 621 Senecae
1762 585 1805 619 et

365 649 579 692 Gallionis
599 650 713 691 bona
733 648 898 690 Lucani
917 655 1066 702 poetae
1094 647 1176 688 filii
1204 648 1272 689 sui
1301 663 1325 688 a
1354 648 1526 690 Nerone
1552 649 1800 704 promeruit.

367 722 481 762 unde
502 719 647 775 colligi
676 726 816 773 potest
843 719 1021 761 Iunium
1049 718 1294 760 Gallionem
1322 725 1364 759 et
1393 719 1576 760 Lucium
1601 720 1805 760 Anneum

369 791 577 833 Senecam
597 796 640 831 et
660 789 843 831 Lucium
863 790 1068 830 Anneum
1087 788 1249 829 Melam
1268 788 1418 829 fratres
1438 788 1592 839 fuisse,
1624 796 1669 830 at
1689 790 1804 830 Mar-

368 876 466 902 cum
492 862 696 902 Anneum
724 861 949 901 Lucanum
981 865 1152 914 poetam
1181 858 1306 900 Lucii
1333 858 1477 899 Annei
1505 859 1646 900 Melae
1665 859 1806 900 filium

368 946 416 972 ac
436 946 510 985 per
531 930 611 971 hoc
633 930 813 970 aliorum
833 930 1014 971 duorum
1034 936 1248 984 nepotem.
1300 942 1399 982 ergo
1427 927 1623 982 quisnam
1651 929 1806 970 horum

367 1000 465 1042 libri
486 1000 615 1042 huius
637 1006 784 1041 auctor
804 999 875 1050 sit,
901 1014 956 1041 an
976 999 1137 1041 Lucius
1157 1000 1336 1040 Anneus
1359 998 1545 1048 Seneca,
1570 1013 1625 1039 an
1645 998 1807 1040 Lucius

369 1073 551 1113 Anneus
573 1071 712 1112 Melas
741 1070 956 1111 incertum
985 1069 1087 1110 facit
1123 1068 1405 1110 communitas
1435 1070 1660 1110 nominum
1681 1068 1806 1109 Lucii

368 1149 410 1184 et
429 1141 587 1183 Annei.
628 1155 731 1182 nam
751 1140 867 1182 Flori
886 1154 974 1181 non
994 1146 1059 1181 est
1078 1139 1140 1180 ibi
1158 1138 1335 1180 mentio.
1382 1153 1508 1179 nemo
1529 1153 1630 1180 uero
1650 1138 1805 1179 melius

365 1227 444 1254 nec
465 1211 655 1253 ornatius
676 1225 754 1252 nec
775 1210 1014 1265 expeditius
1044 1225 1123 1251 nec
1152 1209 1301 1265 purius
1331 1223 1411 1250 nec
1442 1209 1703 1250 defaecatius
1724 1223 1804 1250 nec

364 1282 537 1325 breuius
557 1296 636 1322 nec
655 1281 785 1322 latius
805 1282 885 1322 hoc
905 1282 1059 1321 Anneo
1080 1279 1241 1334 aliquid
1261 1294 1511 1334 componere
1532 1278 1688 1333 potuit.

252 1353 389 1408 prima
408 1353 540 1393 uerba
559 1367 694 1406 usque
716 1352 770 1392 ad
780 1350 1022 1406 promeruit
1040 1364 1093 1390 ex
1113 1349 1378 1404 Hieronymo
1408 1349 1622 1404 descripta
1651 1355 1694 1390 et
1724 1363 1804 1389 nu·

252 1438 417 1464 merum
438 1429 685 1476 corruptum
705 1435 795 1463 esse
814 1435 890 1475 pro
911 1435 1022 1461 anno
1046 1422 1128 1459 III
1142 1419 1395 1474 olympiadis
1423 1423 1562 1461 CCXI
1587 1433 1673 1459 non
1695 1418 1806 1472 fugit

255 1492 527 1534 Salmasium.
561 1492 635 1532 ille
663 1491 795 1546 igitur
818 1489 1009 1545 quisquis
1029 1488 1112 1530 fuit
1126 1521 1139 1539 ,
1164 1489 1237 1543 qui
1256 1490 1479 1544 prologum
1499 1488 1683 1543 scripsit,
1706 1502 1806 1529 cum

253 1563 365 1604 nihil
385 1564 436 1604 de
457 1563 508 1603 L.
533 1562 713 1602 Annaeo
733 1561 859 1602 Floro
873 1592 886 1610 ,
916 1573 1128 1615 perpauca
1148 1559 1200 1600 de
1219 1559 1408 1601 Annaeis
1432 1558 1594 1601 Seneca
1621 1566 1663 1599 et
1689 1558 1807 1599 Mela

254 1632 412 1675 tradita
440 1631 695 1686 accepisset,
727 1631 1015 1672 coniecturam
1043 1629 1264 1684 proposuit
1294 1636 1368 1671 aut
1391 1617 1597 1671 Senecam
1618 1635 1692 1670 aut
1712 1629 1804 1670 Me-

255 1705 341 1744 lam
362 1702 492 1744 etiam
512 1701 628 1742 Flori
647 1716 805 1742 nomen
826 1700 976 1742 tulisse
993 1706 1036 1740 et
1051 1699 1104 1740 ab
1126 1700 1257 1740 altero
1265 1706 1361 1740 utro
1372 1699 1488 1740 hunc
1497 1699 1656 1740 librum
1676 1698 1804 1752 scrip-

255 1781 348 1815 tum
376 1787 480 1814 esse.
528 1773 644 1813 unde
677 1771 724 1812 in
763 1772 1019 1826 quibusdam
1052 1769 1355 1811 recentioribus
1390 1769 1606 1814 codicibus
1640 1775 1805 1824 praeter

255 1843 371 1886 Flori
390 1842 519 1884 etiam
542 1842 727 1883 Senecae
747 1856 903 1882 nomen
924 1840 1106 1895 legitur,
1143 1841 1256 1894 quod
1284 1854 1413 1894 quam
1441 1840 1604 1881 nullius
1626 1838 1805 1880 auctori·

253 1914 353 1956 tatis
374 1914 430 1955 sit
452 1919 639 1968 apparet.
691 1926 830 1966 neque
850 1910 1015 1952 firmius
1036 1916 1339 1964 argumentum
1369 1918 1457 1961 est,
1491 1910 1604 1965 quod
1625 1923 1678 1949 ex
1699 1910 1806 1950 Bac-

255 1984 390 2026 tantio
410 1983 494 2025 uiri
515 1982 690 2038 quidam
709 1981 823 2023 docti
850 1981 1118 2036 petiuerunt,
1152 1987 1202 2021 ut
1234 1996 1259 2022 a
1289 1981 1451 2022 Seneca
1481 1980 1687 2034 scriptum
1716 1992 1806 2020 esse

254 2054 469 2109 epitomen
489 2055 839 2095 demonstrarent.
893 2050 966 2091 ille
994 2050 1110 2091 enim
1139 2050 1463 2092 institutionum
1490 2051 1607 2099 VII,
1642 2054 1718 2099 15,
1754 2053 1803 2089 14

250 2121 352 2166 ‘non
371 2119 548 2174 inseite',
569 2119 832 2174 ait,‘Seneea
852 2122 1074 2162 Romanae
1093 2120 1210 2162 urbis
1233 2127 1418 2175 tempora
1438 2119 1655 2161 distribuit
1673 2118 1718 2160 in
1738 2133 1805 2160 ae-

258 2202 376 2237 tates.
399 2194 591 2249 primam
611 2192 720 2234 enim
741 2192 852 2234 dixit
879 2190 1112 2247 infantiam
1140 2192 1215 2233 sub
1245 2206 1340 2247 reqe
1368 2190 1550 2231 Romulo
1568 2189 1738 2245 fuisse,
1778 2202 1805 2231 a

255 2282 334 2320 quo
355 2271 396 2307 et
419 2264 564 2321 qenita
584 2269 624 2306 et
641 2262 768 2319 quasi
793 2263 971 2304 educata
999 2261 1058 2303 sit
1086 2263 1251 2312 Roma,
1290 2260 1448 2303 deindev
1462 2259 1697 2314 pueritiam
1729 2258 1805 2301 sub

256 2335 401 2376 ceteris
421 2334 603 2390 reqibus,
629 2349 655 2375 a
676 2333 824 2388 quibus
845 2339 884 2374 et
903 2338 1028 2373 aucta
1047 2332 1106 2374 sit
1129 2338 1171 2374 et
1198 2330 1434 2385 disciplinis
1453 2329 1654 2384 pluribus
1685 2327 1805 2370 insti-

260 2405 439 2460 tutisque
447 2406 648 2460 formata
657 2422 675 2452 ‚·
708 2410 754 2445 at
773 2418 871 2445 uero
898 2402 1129 2458 Tarquinio
1149 2407 1362 2457 reynante,
1377 2415 1470 2442 eum
1481 2400 1567 2441 iam
1587 2399 1712 2455 quasi
1729 2399 1805 2440 ad-

268 2476 359 2517 ulta
380 2490 465 2516 esse
486 2474 700 2528 coepisset,
723 2474 943 2516 seruitium
963 2487 1047 2514 non
1070 2472 1215 2514 tulisse
1236 2478 1277 2514 et
1285 2471 1434 2512 reiecto
1454 2470 1656 2524 superbae
1675 2467 1805 2510 domi-

257 2545 441 2587 nationis
462 2544 559 2599 iuqo
579 2541 778 2584 maluisse
799 2542 956 2597 leqz'bus
973 2543 1254 2596 obtemperare
1270 2556 1394 2597 quam
1415 2540 1608 2595 reqibus,·
1631 2553 1805 2593 eumque

258 2621 364 2658 esset
383 2612 666 2657 adulescentia
687 2612 774 2653 eius
790 2612 889 2666 fine
915 2613 1075 2654 Punici
1102 2612 1203 2654 belli
1229 2612 1480 2660 terminata,
1513 2615 1598 2651 tum
1627 2608 1804 2663 denique

257 2682 514 2738 confirmatis
535 2682 696 2725 uiribus
717 2682 896 2735 coepisse
916 2682 1192 2725 iuueneseere.
1216 2682 1382 2724 sublata
1398 2680 1506 2721 enim
1527 2678 1799 2734 Carthayine,

258 2768 364 2808 quae
385 2752 460 2794 diu
481 2753 647 2794 aemula
668 2751 840 2805 imperii
853 2752 974 2807 fuit,
1006 2767 1156 2794 manus
1176 2767 1275 2793 suas
1297 2751 1341 2793 in
1363 2756 1490 2793 totum
1520 2749 1658 2790 orbem
1688 2754 1803 2790 terra

256 2822 447 2878 marique
457 2822 666 2876 porrexit,
689 2822 817 2863 donee
836 2822 1000 2877 reqibus
1021 2821 1179 2863 eunetis
1200 2828 1240 2864 et
1258 2819 1494 2863 nationibus
1514 2817 1688 2871 imperio
1708 2818 1801 2859 sub-

257 2892 412 2948 iuqatis
441 2907 533 2935 eum
560 2892 646 2934 iam
681 2891 880 2934 bellorum
907 2891 1087 2934 materia
1125 2891 1341 2946 deficeret,
1382 2889 1544 2931 uiribus
1572 2887 1661 2928 suis
1692 2887 1803 2929 male

258 2968 457 3013 uteretur,
481 2963 629 3017 quibus
650 2977 692 3003 se
713 2961 804 3016 ipsa
826 2962 1017 3017 eonfi’eit.
1069 2961 1171 3003 haee
1188 2960 1289 3015 fecit
1307 2959 1454 3014 prima
1485 2959 1575 3000 eius
1597 2964 1800 3007 senectus,

1695 3110 1716 3125 Ο
