2002 3320
136 993 178 1025 10

138 1343 179 1375 15

138 1692 182 1725 20

143 2042 187 2075 25

619 257 819 285 EPITOMA
842 257 873 292 1,
897 250 955 283 27.
980 249 1025 282 28
1050 242 1123 298 [11,
1150 250 1206 283 11.
1235 243 1312 298 12].
1690 243 1744 282 47

204 359 380 406 Perses,
411 355 486 410 qui
505 354 637 396 semel
656 354 702 395 in
720 361 978 410 perpetuum
1006 353 1169 396 uictam
1199 368 1290 396 esse
1330 353 1629 396 Macedoniam
1657 367 1746 395 non

203 427 384 482 putabat
403 439 457 466 ex
475 424 617 479 gentis
638 424 864 479 dignitate.
897 425 1038 467 multo
1066 424 1369 466 uehementius
1398 424 1479 466 sub
1499 424 1581 465 hoc
1601 424 1745 465 Mace-

204 498 335 538 dones
354 508 484 549 quam
503 495 584 536 sub
603 501 724 549 patre
753 502 985 548 exurgunt.
1019 495 1179 550 quippe
1209 495 1398 536 Thracas
1425 495 1473 535 in
1504 494 1619 535 uires
1646 507 1746 535 suas

204 571 447 614 traxerant,
477 565 616 619 adque
644 565 707 606 ita
732 564 992 606 industriam
1012 566 1301 606 Macedonum
1319 564 1487 606 uiribus
1508 564 1743 614 Thracum,

205 635 406 677 ferociam
425 634 642 675 Thracum
662 635 891 689 disciplina
910 635 1191 676 Macedonica
1217 642 1522 689 temperauere.
1567 634 1746 675 accessit

202 704 271 746 his
291 704 521 746 consilium
540 704 662 746 ducis
674 735 687 754 ,
719 705 795 760 qui
823 705 956 746 situm
974 705 1201 759 regionum
1220 719 1395 746 suarum
1415 719 1440 745 a
1461 717 1630 746 summo
1651 718 1745 759 spe-

203 775 373 816 culatus
394 775 566 815 Haemo
584 774 736 829 positis
754 788 831 829 per
850 775 1033 829 abrupta
1051 774 1202 817 castris
1221 775 1285 816 ita
1304 774 1605 815 Macedoniam
1625 788 1747 816 suam

205 845 334 886 armis
362 845 558 899 ferroque
586 844 828 886 uallauerat
854 851 905 886 ut
933 859 1022 886 non
1047 845 1271 900 reliquisse
1292 844 1459 885 aditum
1477 845 1564 886 nisi
1585 859 1610 886 a
1629 844 1748 886 caelo

204 914 400 956 uenturis
419 914 617 956 hostibus
637 914 870 955 uideretur.
904 921 1053 956 tamen
1061 914 1226 956 Marcio
1235 914 1441 969 Philippo
1461 915 1636 956 consule
1653 928 1748 956 eam

205 984 475 1040 prouinciam
502 985 720 1038 ingressus
749 983 937 1038 populus
969 986 1219 1035 Romanus,
1258 984 1489 1040 exploratis
1520 984 1750 1039 diligenter

205 1054 444 1096 accessibus
473 1068 549 1108 per
575 1054 791 1094 Astudam
826 1054 1031 1107 paludem
1069 1055 1419 1109 Perrhaebosque
1455 1055 1644 1096 tumulos
1673 1055 1750 1096 illa

206 1123 453 1165 uolucribus
473 1137 660 1178 quoque,
683 1130 734 1164 ut
754 1123 1038 1174 uidebantur,
1063 1124 1185 1165 inuia
1209 1124 1412 1174 accessit,
1434 1138 1663 1179 regemque
1685 1140 1748 1166 se-

205 1195 357 1235 curum
376 1200 419 1234 et
438 1193 551 1234 nihil
572 1193 656 1234 tale
676 1200 941 1234 metuentem
961 1194 1105 1235 subita
1122 1195 1227 1235 belli
1246 1194 1495 1249 inruptione
1516 1195 1749 1250 deprehen-

205 1264 284 1305 dit.
317 1263 441 1305 cuius
478 1269 602 1304 tanta
636 1262 867 1317 trepidatio
905 1263 989 1304 fuit
1014 1271 1073 1319 ⁷ut
1099 1264 1330 1319 pecuniam
1361 1279 1532 1305 omnem
1557 1264 1605 1305 in
1631 1279 1750 1306 mare

206 1333 378 1376 iusserit
405 1333 543 1388 mergi
568 1347 626 1374 ne
644 1332 826 1387 periret,
859 1341 903 1374 et
932 1334 1112 1375 classem
1138 1335 1318 1376 cremari
1344 1349 1400 1375 ne
1429 1334 1745 1375 incenderetur.

207 1404 346 1446 Paulo
357 1402 549 1452 consule,
571 1417 671 1443 cum
690 1403 850 1444 maiora
862 1411 905 1444 et
925 1403 1135 1444 crebriora
1151 1412 1294 1445 essent
1312 1405 1501 1460 inposita
1519 1403 1747 1459 praesidia,

207 1489 283 1529 per
303 1473 408 1514 alias
430 1472 523 1514 uias
544 1472 801 1514 Macedonia
820 1474 1029 1527 deprensa
1056 1480 1122 1514 est
1137 1505 1151 1522 ,
1185 1488 1354 1515 summa
1384 1474 1559 1528 quidem
1588 1481 1678 1516 arte
1708 1481 1752 1515 et

208 1542 426 1584 industria
443 1542 582 1592 ducis,
615 1557 716 1583 cum
744 1542 830 1583 alia
848 1542 1039 1584 minatus
1060 1543 1145 1584 alia
1166 1543 1413 1599 inrupisset.
1446 1544 1568 1585 cuius
1590 1545 1750 1584 aduen-

209 1621 279 1654 tus
300 1613 391 1668 ipse
422 1614 527 1654 adeo
556 1611 757 1653 terribilis
787 1611 878 1666 regi
898 1612 982 1653 fuit
1018 1620 1067 1654 ut
1096 1613 1301 1655 interesse
1330 1628 1419 1654 non
1440 1615 1638 1663 auderet,
1677 1614 1752 1654 sed

207 1684 394 1739 gerenda
414 1682 596 1724 ducibus
624 1682 739 1723 bella
758 1682 1042 1723 mandauerit.
1077 1684 1230 1724 absens
1258 1698 1358 1737 ergo
1391 1683 1534 1724 uictus
1562 1683 1676 1738 fugit
1705 1683 1754 1724 in

209 1753 344 1796 maria
363 1753 636 1807 insulamque
669 1751 979 1793 Samothracen
992 1784 1005 1801 ,
1029 1752 1164 1794 fretus
1186 1753 1353 1794 delubri
1374 1753 1605 1808 religione,
1629 1753 1753 1808 quasi

211 1823 372 1878 templa
391 1829 434 1864 et
454 1837 551 1863 arae
570 1829 744 1877 possent
765 1821 1007 1871 defendere,
1031 1837 1160 1876 quem
1174 1837 1253 1864 nec
1269 1830 1436 1864 montes
1454 1822 1522 1864 sui
1541 1837 1620 1864 nec
1637 1837 1755 1864 arma

210 1892 466 1949 potuissent.
499 1906 627 1932 nemo
647 1906 797 1946 regum
816 1891 981 1932 diutius
1011 1891 1191 1933 amissae
1220 1890 1418 1934 fortunae
1448 1893 1755 1934 conscientiam

213 1962 406 2005 retinuit.
433 1961 614 2016 supplex
634 1976 733 2002 cum
754 1960 955 2002 scriberet
976 1962 1031 2002 ad
1055 1961 1356 2016 imperatorem
1376 1964 1429 2004 ab
1449 1963 1525 2005 illo
1554 1978 1639 2017 quo
1655 1978 1754 2004 con-

214 2033 383 2088 fugerat
405 2032 564 2086 templo
579 2045 821 2086 nomenque
838 2031 1043 2086 epistolae
1059 2038 1228 2073 notaret
1244 2047 1388 2083 suum,
1411 2048 1556 2088 regem
1572 2033 1750 2075 addidit.

214 2104 289 2145 sed
307 2116 386 2143 nec
406 2101 670 2143 reuerentior
689 2108 838 2156 captae
865 2101 1102 2142 maiestatis
1133 2101 1244 2143 alius
1266 2103 1404 2145 Paulo
1436 2103 1534 2145 fuit.
1579 2118 1678 2144 cum
1707 2103 1755 2144 in

213 2178 491 2226 conspectum
506 2171 697 2213 uenisset
716 2172 870 2221 hostis,
889 2171 935 2212 in
951 2171 1158 2212 tribunali
1174 2172 1335 2226 recepit
1351 2179 1395 2214 et
1410 2173 1623 2214 conuiuiis
1635 2171 1755 2213 adhi-

212 2242 308 2283 buit
327 2242 568 2296 liberosque
589 2241 813 2282 admonuit
833 2255 933 2282 suos
954 2247 1004 2281 ut
1033 2241 1273 2290 fortunam,
1306 2242 1378 2282 cui
1398 2249 1571 2283 tantum
1591 2242 1753 2292 liceret,

215 2318 526 2353 reuererentur.
550 2310 662 2351 inter
680 2310 990 2365 pulcherrimos
1010 2310 1127 2350 hunc
1144 2324 1312 2364 quoque
1327 2312 1514 2366 populus
1530 2313 1756 2354 Romanus

217 2382 269 2423 de
290 2379 546 2422 Macedonia
564 2379 690 2420 duxit
711 2394 759 2420 ac
779 2378 891 2420 uidit
919 2378 1188 2434 triumphum
1196 2395 1209 2428 ς
1250 2379 1408 2435 quippe
1438 2381 1562 2423 cuius
1593 2389 1756 2438 specta·

221 2495 234 2526 1
256 2503 377 2538 perses
393 2503 449 2525 om
464 2498 490 2525 Β
507 2490 519 2536 11
537 2492 557 2524 2
575 2490 799 2524 neementius
816 2490 836 2524 b
853 2490 865 2535 11
883 2491 902 2524 3
921 2494 1146 2535 consurgunt
1168 2497 1199 2524 N
1215 2490 1227 2536 11
1245 2492 1386 2527 trachas
1401 2500 1435 2528 N
1450 2493 1460 2538 11
1471 2497 1562 2538 puto
1577 2494 1615 2528 in
1630 2506 1689 2528 res
1707 2494 1719 2540 11
1736 2497 1756 2528 4

217 2553 376 2583 traxerat
391 2556 416 2582 Β
433 2548 445 2593 11
463 2544 643 2582 industria·
657 2546 914 2581 macedonibus
936 2545 1101 2581 thracum
1126 2546 1318 2593 disciplina
1330 2557 1357 2584 Β
1374 2549 1385 2595 11
1403 2552 1423 2583 5
1443 2549 1669 2595 disciplinam
1685 2562 1759 2585 ma-

221 2605 428 2639 cedonicam
444 2612 478 2638 N
491 2604 502 2650 11
520 2607 541 2638 6
566 2603 625 2638 hic
640 2610 675 2637 N
688 2603 699 2649 11
717 2614 738 2636 a
753 2614 809 2636 om
824 2610 858 2636 N
871 2602 884 2648 11
903 2605 920 2636 7
940 2602 1068 2637 abruta
1082 2610 1141 2637 BN
1155 2603 1166 2648 11
1185 2605 1205 2637 8
1221 2603 1426 2650 reliquisset
1440 2613 1466 2640 Β
1483 2606 1494 2650 11
1513 2607 1533 2639 9
1551 2606 1761 2641 uiderentur

219 2668 253 2696 N
266 2661 278 2707 11
295 2665 416 2695 tamen
431 2659 579 2705 ecrz'pn‘:
597 2670 680 2694 nam
695 2666 755 2693 BN
768 2659 780 2704 11
802 2659 839 2691 11
859 2658 1051 2704 astundam
1066 2666 1099 2692 Ν
1113 2658 1124 2704 11
1142 2670 1207 2704 per
1218 2659 1365 2695 acerbos
1382 2661 1584 2707 dubiosque
1600 2662 1761 2697 tumulos

219 2717 278 2762 Ν11
294 2716 358 2751 illa
373 2728 466 2762 quae
482 2716 692 2751 uolneribus
708 2714 767 2759 Ν11
787 2716 829 2749 12
847 2718 888 2749 ut
908 2725 964 2748 om
981 2722 1015 2749 Ν
1029 2715 1040 2760 11
1058 2714 1251 2750 uidebatur
1272 2724 1307 2751 Ν
1320 2718 1331 2762 11
1354 2719 1393 2751 13
1421 2717 1609 2763 eruptione
1634 2717 1762 2751 terruit

219 2772 338 2817 Ν1115
355 2777 464 2807 etom
478 2781 512 2808 Ν
526 2773 537 2819 11
559 2774 599 2807 16
617 2771 722 2806 creba
736 2770 796 2816 Ν11
817 2772 856 2804 17
874 2770 1043 2816 depressa
1056 2779 1089 2806 N
1110 2771 1122 2817 11
1150 2773 1193 2806 18
1210 2771 1299 2806 alias
1314 2772 1492 2807 eminatus
1508 2772 1596 2806 alias
1613 2772 1761 2817 inl-epis-

221 2832 276 2862 set
290 2829 348 2874 Nn
367 2830 409 2862 19
426 2839 470 2863 eo
484 2836 519 2863 N
532 2829 544 2874 11
562 2830 602 2862 21
624 2827 766 2862 delubri
790 2827 947 2862 Tollius.-
965 2827 1098 2862 celebri
1111 2835 1171 2862 ΒΝ
1185 2827 1196 2873 11
1215 2829 1257 2862 23
1281 2828 1469 2862 ammissae
1492 2836 1517 2861 Β
1535 2828 1546 2872 11
1564 2830 1606 2861 2-1
1634 2833 1672 2862 et
1695 2828 1760 2862 im-

221 2888 420 2928 peratorem
440 2893 467 2919 Β
483 2885 496 2926 11
512 2896 554 2919 ac
579 2885 643 2919 illo
669 2883 956 2929 confugeratNu
973 2885 1017 2918 26
1048 2883 1258 2929 magestatis
1287 2891 1314 2917 Β
1330 2883 1342 2928 11
1360 2885 1402 2916 27
1431 2887 1627 2927 conspectu
1651 2891 1678 2917 Β
1694 2883 1706 2928 11
1724 2883 1761 2917 in

220 2938 393 2984 templum
408 2948 442 2974 Ν
455 2941 467 2986 11
