2002 3320
0 2355 8 2427 ..qn-v
0 2329 4 2331 ,

814 255 1075 284 PRAEFATIO.
1593 247 1733 284 XXXI

174 356 326 411 possis.
358 368 497 411 neque
516 355 675 397 desunt
685 354 920 409 praetium,
944 354 1175 409 quaerella,
1190 353 1498 408 praehendat-e,
1521 355 1732 397 aeminere

176 434 218 468 et
238 426 276 468 si
294 439 403 482 quae
423 433 526 467 sunt
547 425 704 466 similia
716 457 729 475 ,
758 425 806 466 in
835 424 990 479 quibus
1021 438 1071 466 ae
1100 438 1253 465 sonum
1281 423 1469 465 indicare
1489 438 1574 478 quo
1594 440 1617 466 e
1635 439 1730 479 pro—

173 482 422 538 nuntiatum
452 495 508 537 sit
535 494 704 536 monuit
731 495 1037 536 Lachmannus
1069 495 1123 536 ad
1155 494 1406 536 Lucretium
1431 509 1460 549 p
1494 499 1590 536 339.
1629 500 1726 537 384.

176 569 231 609 ad
259 566 443 609 similem
478 580 651 607 causam
690 566 982 606 reuocandum
1021 564 1192 606 uidetur
1226 566 1340 619 quod
1372 565 1536 607 doleum
1570 566 1732 608 habent

174 641 264 678 BN
287 643 415 691 atque
444 636 721 686 reuiuescere,
746 635 1038 691 inqmeoem,
1063 643 1156 677 tum
1176 635 1290 689 quod
1298 649 1520 688 purpora‚
1543 636 1730 677 consola-

174 706 253 756 ris,
276 706 466 760 scopolus
486 706 533 746 in
554 711 593 748 B
611 706 794 761 legitur,
818 706 996 762 fistola,
1019 705 1225 747 incolatus
1243 704 1291 745 in
1310 708 1379 754 N,
1412 704 1535 746 cuius
1562 706 1731 759 generis

176 775 334 818 similia
369 777 578 830 quaedam
618 776 844 818 adnotauit
878 777 1183 818 Lachmannus
1217 776 1273 817 ad
1308 774 1558 817 Lucretium
1591 790 1620 830 Ρ
1660 779 1726 818 19.

174 845 285 886 illud
319 846 624 900 peruulgatam
659 855 723 887 est
758 847 874 900 quod
902 846 922 887 i
947 853 990 887 et
1015 861 1045 901 y
1076 845 1322 900 saepissime
1355 847 1655 900 permutantur
1688 853 1731 887 et

158 923 355 971 »utraque
375 916 518 957 littera
537 931 736 970 peruerse
755 916 956 971 ponitur,
989 916 1178 958 maxime
1207 916 1380 970 quidem
1406 915 1454 956 in
1482 916 1730 958 nominibus

177 986 369 1035 Graecis,
392 987 468 1027 sed
487 986 618 1027 etiam
637 986 684 1027 in
694 985 918 1028 Romanis.
943 992 986 1027 et
997 986 1143 1027 Sullae
1163 1000 1321 1027 nomen
1338 1000 1436 1027 cum
1455 987 1582 1028 modo
1604 987 1731 1042 Sylla

175 1057 303 1097 modo
323 1055 440 1096 Silla
460 1055 592 1096 semel
612 1069 714 1096 uero
734 1055 863 1096 Sulla
882 1055 930 1096 in
944 1059 1034 1097 BN
1043 1055 1171 1096 scribi
1190 1055 1396 1106 uiderem,
1420 1071 1587 1111 semper
1604 1057 1731 1098 Sulla

176 1125 448 1167 scribendum
467 1124 587 1166 duxi.
638 1124 746 1166 illud
774 1140 877 1167 uero
905 1139 990 1179 quo
1019 1126 1146 1167 modo
1167 1125 1470 1180 explicandum
1491 1127 1547 1168 sit
1567 1126 1728 1176 nescio,

174 1196 292 1250 quod
311 1210 340 1249 p
366 1198 435 1244 23,
463 1198 512 1236 18
534 1194 580 1235 in
600 1199 642 1236 B
660 1195 867 1249 scriptum
888 1202 952 1237 est
981 1195 1246 1252 sybam-einis
1276 1196 1459 1251 campis,
1498 1197 1613 1237 unde
1639 1196 1686 1236 in
1705 1199 1736 1237 Ι

174 1267 250 1308 sub
270 1265 398 1307 karos
418 1264 464 1306 in
483 1264 551 1306 his
571 1265 754 1319 campis,
788 1265 835 1306 in
854 1269 905 1307 N
927 1280 1029 1307 uero
1056 1266 1132 1307 sub
1160 1266 1349 1308 arusinis
1379 1266 1539 1321 campis
1568 1266 1731 1308 factum

176 1343 254 1378 est.
288 1350 546 1390 quamquam
576 1336 691 1376 enim
719 1337 772 1377 de
799 1335 1000 1378 Arusinis
1029 1336 1190 1390 campis
1219 1336 1408 1378 dubitari
1436 1336 1612 1391 nequit,
1654 1337 1730 1379 sub

177 1413 321 1447 tamen
342 1412 486 1459 aperte
507 1405 663 1447 falsum
682 1412 748 1446 est
766 1430 823 1436 —
843 1420 946 1447 nam
960 1406 1036 1447 sub
1053 1406 1214 1460 campis
1224 1421 1424 1462 puqnare
1443 1413 1493 1447 ut
1512 1414 1626 1448 recte
1646 1407 1731 1448 dici

175 1475 310 1531 possit
329 1475 532 1516 Dukerus
552 1475 759 1529 exemplis
778 1475 867 1517 suis
887 1490 975 1517 non
995 1476 1127 1518 euicit
1147 1499 1202 1506 —
1223 1483 1266 1518 et
1287 1491 1339 1517 ex
1359 1468 1434 1531 3ᾑό
1454 1476 1530 1517 ino
1550 1477 1728 1526 factum,

176 1547 292 1601 quod
311 1544 594 1599 corruptelam
612 1544 800 1595 indicat,
833 1560 963 1600 quam
990 1545 1266 1600 probabiliter
1293 1547 1519 1588 emendare
1547 1562 1727 1601 nequeo.

175 1616 299 1657 facile
320 1615 494 1670 quidem
514 1614 739 1668 suspiceris
766 1616 989 1657 librarium
1018 1617 1231 1670 quendam
1259 1616 1312 1657 de
1341 1616 1494 1670 Sybari
1524 1617 1731 1671 cogitasse

175 1692 218 1728 et
237 1686 351 1740 quod
370 1699 399 1740 p
421 1688 491 1734 63,
521 1688 568 1726 13
597 1685 758 1726 facmm
789 1701 879 1727 esse
900 1686 1112 1736 uidimus,
1136 1693 1186 1727 ut
1213 1701 1290 1740 pro
1310 1687 1484 1727 Haemo
1514 1687 1731 1728 Caucasus

175 1755 401 1797 inferretur
421 1763 464 1797 et
483 1755 584 1796 inde
613 1761 854 1797 monstrum
882 1756 1079 1798 lectionis
1100 1769 1345 1797 cau-smmum
1375 1756 1579 1809 oriretur,
1616 1756 1732 1798 idem

174 1826 256 1866 hoc
276 1825 370 1867 loco
390 1825 599 1867 euenisse.
643 1839 795 1866 uerum
814 1825 914 1867 inde
945 1827 1139 1868 nondum
1169 1826 1408 1881 explicatur
1421 1857 1434 1875 ‚
1467 1826 1542 1880 qui
1568 1827 1732 1868 factum

175 1895 231 1937 sit
250 1903 300 1937 ut
318 1895 576 1950 praepositio
590 1909 699 1949 quae
713 1901 779 1937 est
798 1896 859 1945 in,
882 1911 968 1951 qua
987 1912 1075 1939 non
1093 1897 1220 1938 uideo
1235 1911 1320 1951 quo
1335 1898 1463 1938 modo
1477 1911 1617 1938 carere
1636 1911 1732 1952 pos·

176 1965 259 2016 sis,
282 1966 439 2008 omissa
459 1965 529 2007 sit.
570 1965 733 2007 accedit
752 1965 887 2016 illud,
920 1969 1035 2022 quod
1062 1982 1091 2022 p
1115 1972 1184 2017 51,
1210 1970 1260 2007 26
1291 1967 1367 2008 ubi
1394 1971 1445 2008 N
1469 1967 1645 2008 exhibet
1666 1966 1730 2008 in-

177 2036 312 2086 iuria,
346 2038 459 2090 quod
479 2044 644 2077 rectum
661 2050 753 2078 esse
772 2051 862 2078 non
879 2043 1020 2091 potest
1048 2063 1102 2070 -
1131 2037 1227 2092 quis
1255 2037 1372 2079 enim
1401 2036 1519 2078 urbis
1549 2036 1732 2078 euersio-

176 2120 277 2147 nem
295 2106 452 2148 dixerit
471 2106 675 2148 iniuriam
713 2106 753 2147 ei
772 2106 977 2148 inlatam?
1001 2132 1079 2157 —,
1101 2107 1148 2149 in
1177 2113 1216 2148 B
1245 2107 1453 2162 scriptum
1484 2114 1549 2148 est
1569 2106 1730 2162 syz'niu-

175 2175 259 2217 ria.
291 2183 336 2218 et
354 2177 484 2218 ruina
504 2177 698 2231 quidem,
716 2178 831 2231 quod
846 2178 1068 2232 Hauptius
1083 2177 1267 2227 inuenit,
1291 2192 1496 2232 perquam
1515 2176 1733 2231 probabile

178 2254 268 2296 est,
291 2248 366 2288 sed
384 2247 542 2288 mimm
561 2247 670 2288 illud
690 2262 738 2302 sy
759 2262 904 2288 rursus
933 2248 1139 2302 explicari
1167 2247 1333 2301 nequit.
1383 2254 1428 2288 at
1455 2248 1569 2301 quod
1597 2262 1625 2301 p
1658 2249 1729 2296 69,

184 2319 232 2356 16
260 2317 556 2371 :Eleythernan
593 2316 751 2370 legitur
780 2317 901 2370 quasi
931 2332 984 2358 ex
1013 2317 1104 2358 eius
1133 2317 1333 2366 consilio,
1373 2317 1448 2371 qui
1477 2316 1524 2357 in
1554 2315 1732 2358 Graecis

178 2385 398 2426 uocabulis
417 2393 467 2426 ut
488 2386 622 2427 tutius
643 2401 807 2440 semper
825 2402 853 2442 y
873 2386 1061 2428 litteram
1080 2387 1323 2441 ponendam
1349 2386 1500 2436 duxit,
1537 2385 1581 2427 id
1612 2394 1731 2440 typo-

180 2455 325 2496 thetae
345 2469 481 2496 errore
500 2455 662 2497 factum
682 2463 760 2498 est.

293 2525 536 2567 Discrimen
570 2526 706 2576 illud,
740 2527 854 2581 quod
882 2526 994 2567 inter
1021 2532 1061 2568 B
1093 2533 1136 2568 et
1163 2531 1212 2568 N
1238 2526 1488 2576 intercedit,
1526 2525 1656 2568 etiam
1686 2525 1731 2566 in

179 2596 435 2651 quibusdam
454 2597 579 2638 rebus
609 2596 950 2652 orthographicis
981 2597 1205 2639 obseruare
1234 2597 1349 2639 licet.
1402 2597 1464 2638 ita
1493 2611 1592 2637 cum
1622 2596 1731 2636 anti-

181 2667 326 2721 quitus
345 2681 434 2708 non
454 2666 634 2708 scribere
654 2666 802 2708 liceret
822 2681 881 2708 uu
901 2667 975 2708 sed
994 2681 1047 2708 uo
1059 2698 1073 2716 ‚
1093 2671 1145 2709 N
1168 2667 1216 2708 in
1244 2667 1305 2709 eis
1335 2666 1556 2709 uocabulis
1576 2666 1732 2720 quibus

179 2736 308 2778 hasce
326 2737 491 2779 litteras
513 2737 532 2778 l
548 2736 707 2791 excipit
727 2751 815 2778 non
835 2743 1081 2778 constanter
1109 2737 1284 2792 quidem
1304 2739 1379 2779 sed
1398 2738 1648 2793 plerumque
1671 2742 1731 2775 ta-

180 2821 282 2848 men
300 2823 353 2849 uo
382 2807 550 2858 scribit;
593 2815 695 2850 sunt
722 2813 868 2848 autem
885 2806 992 2848 haec
1011 2806 1098 2849 fere
1128 2808 1361 2858 Volcanus,
1385 2807 1530 2861 uolqo,
1563 2805 1728 2854 uolnus,

193 2877 350 2927 Volsci,
383 2877 582 2928 Volsinii,
605 2877 811 2927 reuolsas,
835 2877 989 2927 uoltus,
1024 2877 1282 2919 Volturcius.
1325 2882 1364 2918 B
1393 2882 1542 2916 contra
1567 2888 1734 2927 semper

184 2961 240 2988 uu
261 2947 433 2988 exhibet
451 2948 536 2990 nisi
556 2949 669 3003 quod
699 2947 939 2990 Volturcius
960 2955 1003 2989 et
1023 2962 1052 3002 p
1074 2951 1142 2997 63,
1171 2952 1221 2989 13
1253 2946 1379 2988 Volso
1400 2943 1560 2986 scribit.
1593 2948 1642 2986 N
1656 2957 1732 2998 pro
