2002 3320
283 276 443 313 XLIIII
926 280 1188 310 PRAEFArlo.

370 392 540 437 temque
560 396 700 423 meam
720 395 820 423 cum
838 381 1021 423 fortunis
1048 388 1092 423 et
1125 380 1274 423 ceteris
1300 381 1417 422 uitae
1445 380 1662 423 laboribus
1690 380 1832 422 confe-

369 454 482 496 renti
502 454 677 494 tandem
705 452 934 507 aliquando
961 451 1206 507 pulcritudo
1235 451 1421 506 suscepti
1451 451 1587 506 operis
1618 450 1828 506 apparuit.

370 524 475 566 scire
496 530 538 563 te
565 537 664 578 ergo
692 537 809 563 nunc
837 528 1002 576 oportet
1029 522 1196 563 nullam
1223 522 1361 563 maius
1389 521 1636 576 praedium,
1669 522 1835 562 nullam

368 594 733 650 procurationem,
756 592 927 633 nullum
946 592 1152 644 honorem
1172 592 1341 633 decerni
1362 599 1548 647 quantus
1569 591 1639 633 hic
1661 592 1716 633 sit
1735 607 1832 633 nos-

370 673 459 707 trae
478 663 766 721 professionis.
809 677 963 717 nempe
984 662 1020 703 si
1039 662 1147 723 mihi
1166 661 1378 704 maximus
1398 662 1611 718 inperator
1630 663 1765 703 uitem
1785 662 1831 704 id
1851 673 1871 706 5

370 743 435 778 est
455 743 629 778 centum
648 733 842 775 homines
858 733 1064 787 regendos
1081 732 1339 783 tradidisset,
1359 747 1446 773 non
1461 733 1683 774 mediocris
1698 733 1834 774 honor

371 807 546 848 habitus
566 805 674 846 mihi
694 804 932 852 uideretur;
957 804 1060 844 cedo
1082 803 1118 844 si
1137 803 1462 857 praefecturam,
1486 803 1523 844 si
1543 803 1831 846 tribunatum:

371 892 526 931 nempe
546 876 661 917 idem
680 876 841 924 honos,
872 873 957 914 nisi
985 874 1099 928 quod
1127 888 1287 914 merces
1318 873 1512 927 amplior.
1566 873 1603 914 si
1631 888 1730 928 ergo
1748 889 1837 915 non

373 949 546 998 Caesar,
571 947 645 988 sed
664 946 856 987 Fortuna
874 944 955 985 hoc
984 958 1121 998 genus
1153 944 1350 985 stationis
1382 943 1572 985 iniunxit
1600 943 1665 984 uti
1693 944 1836 999 pueris

370 1017 571 1072 ingenuis
593 1023 718 1070 atque
739 1014 928 1055 honestis
947 1015 1254 1068 praesiderem,
1288 1029 1432 1055 nonne
1454 1014 1533 1055 tibi
1552 1015 1749 1068 pulcrum
1768 1014 1833 1055 ui·
1851 1025 1894 1059 10

370 1090 469 1130 deor
509 1094 636 1142 atque
671 1084 949 1140 magnificum
984 1091 1235 1125 consecutus
1257 1084 1466 1125 officium?
1507 1100 1664 1139 quaeso
1699 1085 1831 1136 enim,

367 1158 543 1214 propius
564 1157 756 1206 intuere,
788 1161 935 1196 utrum
960 1154 1217 1209 praeclarius
1247 1154 1302 1195 sit
1333 1154 1538 1208 sagulatis
1567 1170 1622 1195 an
1642 1163 1835 1210 praetex-

372 1229 472 1271 tatis
502 1225 722 1282 inperare?
752 1225 940 1266 barbaris
968 1225 1233 1278 efferatisque
1260 1224 1502 1278 pectoribus
1523 1240 1578 1266 an
1597 1226 1772 1267 mitibus
1794 1234 1837 1267 et

371 1298 585 1340 innoxiis?
623 1298 734 1338 bone
763 1296 949 1350 Iupiter,
992 1310 1120 1349 quam
1150 1295 1479 1349 inperatorium,
1522 1310 1651 1350 quam
1670 1296 1837 1350 regium

370 1358 440 1411 ests
455 1371 598 1410 sedere
619 1383 644 1409 a
665 1373 869 1428 suggestu
887 1365 1218 1420 praecipientem
1236 1366 1370 1405 bonos
1391 1379 1527 1406 mores
1549 1372 1591 1406 et
1621 1381 1834 1408 sacrarum
1851 1377 1893 1411 15

372 1439 514 1482 studia
540 1439 803 1486 litterarum,
854 1435 942 1476 iam
984 1434 1173 1476 carmina
1214 1435 1530 1489 praelegentem
1569 1437 1724 1490 quibus
1763 1453 1837 1479 ora

369 1517 617 1564 mentesque
634 1508 870 1549 formantur
881 1539 893 1557 ,
914 1505 1000 1547 iam
1016 1504 1236 1546 sententiis
1252 1505 1383 1546 uariis
1401 1520 1549 1547 sensus
1561 1507 1834 1558 excitantem,

372 1581 459 1622 iam
480 1578 685 1633 exemplis
706 1593 819 1621 rom*

285 1722 404 1767 Quid
424 1723 476 1762 de
497 1721 578 1762 hoc
598 1720 835 1774 fragmento
857 1719 1133 1760 statuendum
1161 1718 1216 1759 sit
1245 1718 1363 1758 haud
1391 1718 1516 1759 facile
1543 1718 1673 1759 dicas.
1716 1732 1836 1774 prae-

284 1793 491 1835 fationem
530 1790 874 1832 declamatoriam
916 1795 1029 1830 recte
1071 1788 1296 1843 agnouisse
1338 1789 1511 1829 uidetur
1553 1788 1835 1843 Schopenius,

284 1879 414 1919 quam
442 1861 699 1904 carminibus
731 1875 756 1901 a
786 1861 910 1901 Floro
939 1859 1215 1914 praemissam
1245 1865 1384 1913 putat.
1429 1860 1543 1914 quod
1572 1873 1670 1900 cum
1697 1873 1774 1913 per
1793 1873 1837 1901 se
1871 1903 1874 1905 ,

285 1940 525 1990 spectatum
546 1931 648 1974 satis
677 1932 866 1985 placeat,
899 1930 1042 1972 nescio
1072 1937 1216 1971 tamen
1245 1944 1300 1970 an
1331 1929 1449 1970 tituli
1469 1929 1600 1970 uerba
1630 1928 1837 1984 Virqilius

283 2011 429 2047 orator
450 2019 506 2045 cm
525 2008 654 2058 poeta
684 2001 746 2042 ita
766 2008 1037 2042 contemnere
1058 2001 1285 2042 debeamus
1313 2006 1363 2040 ut
1391 2014 1416 2040 a
1446 1999 1687 2053 Schopenio
1708 2006 1836 2053 atque

283 2072 521 2114 Ritschelio
541 2072 702 2114 factum
724 2078 802 2113 est.
835 2071 882 2111 in
898 2077 1020 2112 tanto
1031 2070 1173 2111 studio
1194 2071 1307 2124 quod
1328 2084 1352 2110 a
1370 2069 1658 2123 grammaticis
1679 2075 1722 2110 et
1741 2069 1835 2110 rhe-

285 2142 446 2184 toribus
467 2142 512 2182 in
534 2142 725 2197 Vergilio
741 2143 978 2196 ponebatur
994 2140 1086 2182 fieri
1103 2140 1292 2196 potuisse
1307 2141 1431 2180 credo
1446 2146 1496 2180 ut
1516 2140 1669 2194 aliquis
1688 2154 1836 2194 quaes-

286 2213 447 2254 tionem
466 2212 725 2263 institueret,
749 2211 1120 2266 utrumVergilius
1143 2217 1281 2252 orator
1301 2225 1356 2251 an
1375 2217 1499 2264 poeta
1519 2210 1741 2252 habendus
1763 2210 1833 2261 sit,

285 2284 396 2325 sicut
417 2283 658 2338 quaesitum
686 2297 776 2324 esse
797 2282 978 2332 scimus,
1002 2283 1202 2323 Lucanus
1222 2288 1368 2322 utrum
1387 2278 1614 2322 historicus
1635 2295 1691 2322 an
1711 2287 1838 2335 poeta

285 2354 355 2395 sit.
398 2355 573 2395 decebat
594 2361 738 2395 autem
771 2354 868 2395 talis
901 2352 1092 2408 quaestio
1120 2352 1338 2401 hominem
1369 2351 1672 2392 scholasticum
1699 2351 1836 2405 qualis

283 2423 366 2479 fuit
383 2425 550 2474 Florus,
570 2432 612 2465 ct
627 2424 769 2478 potuit
786 2439 887 2465 sane
904 2423 995 2464 eius
1015 2422 1132 2464 modi
1152 2424 1396 2476 paradoxon
1418 2421 1521 2462 satis
1538 2420 1836 2463 declamatorie

286 2494 493 2534 exornari.
547 2495 928 2542 declamationibus
960 2500 1105 2535 autem
1134 2492 1418 2548 praefationes
1438 2491 1708 2546 praemittere
1729 2491 1835 2532 sole-

282 2564 387 2604 bant
406 2564 616 2614 rhetores,
648 2564 694 2604 in
723 2565 879 2619 quibus
911 2565 962 2605 de
984 2579 1027 2605 se
1049 2563 1219 2616 suisque
1240 2563 1365 2603 rebus
1385 2569 1631 2612 narrarent,
1662 2568 1704 2602 et
1723 2561 1836 2602 hanc

283 2633 589 2688 praefationem
619 2649 644 2675 a
672 2635 796 2675 Floro
828 2636 1012 2676 Romam
1043 2635 1197 2675 reduce
1227 2648 1276 2674 eo
1304 2632 1481 2674 consilio
1516 2632 1716 2686 scriptam
1744 2645 1835 2672 esse

286 2703 514 2745 uerisimile
536 2711 600 2745 est
620 2711 670 2745 ut
691 2718 735 2745 se
746 2704 953 2746 Romanis
974 2704 1017 2745 in
1030 2704 1278 2746 memoriam
1287 2709 1517 2744 reuocaret.
1543 2702 1617 2743 sed
1627 2700 1835 2756 quidquid

377 2876 396 2907 3
414 2873 529 2907 maius
550 2872 741 2908 Oehkrus:
758 2872 872 2918 magis
901 2872 912 2918 Η
937 2874 957 2905 4
975 2871 1266 2917 procuracionem
1284 2871 1295 2916 Η
1322 2873 1340 2904 5
1360 2870 1541 2916 inperator
1559 2869 1669 2905 uitem
1686 2870 1814 2916 scripsi
1823 2884 1835 2904 :

375 2929 537 2975 inputem
555 2929 567 2975 H
585 2932 605 2964 9
624 2929 792 2964 stacionis
810 2929 821 2974 ΙΙ
842 2931 882 2963 10
900 2928 1026 2962 uideor
1042 2927 1113 2961 add
1133 2927 1347 2967 Bias-chelim
1365 2926 1376 2973 ss
1404 2929 1445 2961 15
1472 2926 1509 2960 in
1535 2932 1709 2973 suggestu
1729 2927 1835 2962 Scho-

370 2986 498 3030 penius
516 2987 527 3032 ΙΙ
550 2989 588 3021 17
606 2986 798 3021 sentenciis
815 2985 827 3032 11
845 2984 1060 3020 excitantem
1078 2983 1307 3018 Ritsclaelius:
1333 2983 1537 3018 excitantur
1555 2983 1566 3028 Η
