2002 3320
253 227 306 270 22
917 240 1010 268 111111
1031 239 1160 268 1110111

253 353 419 394 gressus
449 345 512 379 est
550 338 767 391 captisque
803 337 1088 391 superioribus
1116 337 1227 392 iugis
1257 338 1303 378 in
1335 337 1544 378 subiectos
1575 351 1652 378 suo
1680 336 1772 378 iure
1800 336 1833 376 I

257 408 466 451 detonuit.
503 421 553 448 ea
572 421 754 460 namque
776 406 934 459 species
954 406 1037 448 fuit
1056 407 1172 449 illius
1192 407 1312 457 belli,
1335 407 1456 462 quasi
1475 407 1522 447 in
1542 405 1774 460 terrigenas

254 494 276 519 e
307 479 422 519 caelo
453 491 501 518 ac
531 463 717 517 nubibus
753 475 838 516 tela
871 475 1121 517 iacerentur.
1155 491 1234 517 nec
1267 477 1491 517 incruenta
1524 483 1668 517 tamen
1700 475 1777 516 illa

254 547 446 588 uictoria.
480 561 582 588 nam
609 559 831 599 oppressus
861 544 907 586 in
938 544 1036 585 sinu
1064 545 1189 586 uallis
1227 546 1333 587 alter
1360 546 1585 586 consulum
1617 544 1776 586 Decius

254 631 369 658 more
390 616 528 670 patrio
549 617 753 657 deuotum
783 614 847 655 dis
876 613 1073 654 manibus
1095 611 1250 668 optulit
1270 621 1422 668 caput,
1446 615 1776 668 sollemnemque
1803 621 1823 653 5

255 686 440 727 familiae
462 700 562 727 suae
583 685 942 726 consecrationem
962 684 1008 725 in
1028 683 1230 725 uictoriae
1249 683 1433 737 pretium
1450 684 1626 739 redegit.

596 862 732 902 XIII.
766 861 1010 903 BELLVM
1033 861 1450 921 TARENTINVM.

183 1000 233 1039 18
260 996 460 1050 Sequitur
478 995 640 1036 bellum
661 995 966 1044 Tarentinum,
998 1010 1134 1036 unum
1163 995 1334 1049 quidem
1364 993 1489 1034 titulo
1520 1000 1562 1033 et
1589 993 1777 1042 nomine,

259 1073 322 1107 set
342 1065 533 1106 uictoria.
547 1064 787 1117 multiplex.
821 1065 902 1105 1100
930 1064 1045 1104 0111111
1075 1066 1313 1118 Campanos
1344 1063 1507 1117 Apulos
1535 1070 1661 1118 atque
1691 1064 1776 1103 Lu-

258 1150 384 1176 canos
406 1141 448 1175 et
468 1140 596 1188 caput
614 1134 717 1174 belli
757 1133 1034 1183 Tarentinos,
1069 1133 1113 1174 id
1142 1140 1205 1174 est
1233 1140 1367 1174 totam
1398 1132 1570 1174 Italiam
1608 1139 1651 1173 et
1680 1146 1779 1172 cum
1807 1138 1849 1170 10

257 1205 324 1246 his
346 1204 540 1245 omnibus
562 1203 799 1257 Pyrrhum,
823 1203 1101 1244 clarissimum
1125 1203 1327 1244 Graeciae
1346 1217 1514 1257 regem,
1537 1191 1624 1243 una
1642 1200 1781 1242 ueluti

257 1274 381 1315 ruina
400 1273 557 1327 pariter
576 1272 777 1322 inuoluit,
800 1279 849 1312 ut
869 1274 1016 1313 eodem
1045 1280 1232 1326 tempore
1261 1279 1303 1313 et
1324 1272 1495 1313 Italiam
1515 1285 1779 1312 consumma—

258 1351 322 1384 ret
357 1350 399 1384 et
429 1342 733 1384 transmarinos
763 1341 999 1395 triumphos
1036 1342 1338 1395 auspicaretur.
1382 1342 1592 1383 Tarentus
1605 1372 1618 1390 ,
1651 1341 1779 1382 Lace-

259 1413 576 1454 daemoniorum
596 1426 717 1465 opus,
741 1411 960 1452 Calabriae
981 1412 1195 1465 quondam
1211 1417 1251 1451 et
1266 1410 1448 1464 Apuliae
1463 1410 1676 1463 totiusque
1696 1411 1781 1450 Lu-

260 1482 404 1522 caniae
426 1488 577 1535 caput,
601 1495 699 1521 cum
718 1480 1015 1535 magnitudine
1036 1487 1078 1521 et
1097 1480 1229 1521 muris
1248 1487 1456 1534 portuque
1475 1479 1630 1520 nobilis
1643 1510 1656 1528 ,
1688 1485 1783 1520 tum
1811 1486 1852 1519 15

260 1551 464 1592 mirabilis
486 1551 585 1592 situ.
629 1550 784 1605 quippe
814 1550 861 1590 in
892 1549 994 1603 ipsis
1025 1549 1237 1591 Hadriani
1266 1549 1393 1591 maris
1424 1549 1616 1607 faucibus
1645 1548 1785 1602 posita

262 1622 308 1662 in
330 1620 466 1662 omnis
490 1627 619 1661 terras
632 1652 645 1670 ,
678 1619 892 1661 Histriam
918 1620 1139 1674 Illyricum
1167 1620 1328 1674 Epiron
1356 1619 1565 1660 Achaiam
1594 1618 1784 1659 Africam

264 1691 455 1733 Siciliam
473 1691 571 1731 uela
599 1690 791 1731 dimittit.
825 1690 1021 1731 imminet
1040 1689 1182 1744 portui
1203 1691 1256 1730 ad
1274 1696 1545 1744 prospectum
1563 1688 1691 1730 maris
1707 1702 1780 1742 po-

263 1761 394 1802 situm
414 1761 642 1809 theatrum,
667 1761 780 1813 quod
795 1759 966 1813 quidem
982 1774 1108 1800 causa
1122 1759 1299 1800 miserae
1315 1758 1481 1799 ciuitati
1495 1757 1577 1799 fuit
1593 1757 1784 1799 omnium

262 1830 583 1880 calamitatium.
623 1830 746 1870 ludos
773 1829 880 1870 forte
907 1830 1169 1878 celebrabat,
1202 1843 1300 1869 cum
1330 1828 1639 1882 adremigantes
1669 1827 1784 1869 litori
1811 1834 1854 1868 20
1904 1828 1906 1830 ’

262 1900 478 1940 Romanas
501 1900 653 1940 classes
674 1899 839 1949 uident,
863 1906 989 1953 atque
1009 1899 1176 1940 hostem
1195 1898 1277 1939 rati
1297 1898 1503 1947 emicant,
1526 1897 1618 1939 sine
1638 1897 1783 1938 discri-

260 1968 376 2009 mine
396 1968 620 2009 insultant.
654 1968 728 2022 qui
748 1968 863 2009 enim
902 1976 977 2009 aut
1006 1970 1119 2009 unde
1147 1967 1358 2009 Romani?
1388 1981 1467 2008 nec
1487 1967 1604 2007 satis.
1638 1968 1784 2007 aderat

261 2038 351 2079 sine
371 2051 490 2078 mora
509 2038 740 2091 querellam
759 2038 895 2079 ferens
925 2038 1095 2092 legatio.
1128 2038 1239 2078 hanc
1267 2051 1432 2090 quoque
1461 2036 1580 2076 foede
1609 2050 1684 2089 per
1711 2037 1782 2076 ob-

263 2122 432 2149 scenam
451 2114 702 2161 turpemque
723 2108 843 2149 dictu
870 2094 1171 2148 contumeliam
1201 2106 1388 2154 uiolant3
1423 2111 1464 2145 et
1483 2105 1585 2145 111110
1603 2105 1780 2146 bellum.
1849 2113 1854 2118 “

263 2179 336 2218 sed
363 2183 588 2230 apparatus
618 2177 830 2218 horribilis
843 2209 856 2226 ,
893 2191 992 2217 cum
1020 2184 1083 2218 tot
1112 2177 1239 2218 simul
1266 2175 1413 2229 populi
1433 2189 1508 2228 pro
1539 2172 1781 2215 Tarentinis
1809 2179 1854 2212 25

264 2253 565 2301 consurgerent
586 2245 864 2298 omnibusque
892 2244 1184 2285 uehementior
1213 2245 1425 2299 Pyrrhus,
1458 2243 1531 2298 qui
1560 2242 1783 2296 semigrae-

264 2331 357 2356 cam
377 2331 431 2356 ex
450 2314 794 2357 Lacedaemoniis
815 2314 1103 2355 conditoribus
1119 2314 1337 2355 ciuitatem
1364 2313 1657 2354 uindicaturus
1687 2326 1786 2353 cum

265 2386 364 2426 totis
394 2386 556 2426 uiribus
595 2385 713 2439 Epiri
745 2383 988 2425 Thessaliae
1018 2384 1294 2425 Macedoniae
1323 2382 1635 2437 incognitisque
1663 2382 1709 2422 in
1739 2382 1784 2423 id

265 2576 284 2607 3
302 2585 341 2607 ac
358 2585 413 2607 om
429 2582 453 2607 Β
471 2573 482 2617 Η
502 2576 521 2607 6
538 2574 675 2618 peregit
690 2582 715 2608 Β
733 2573 743 2618 Η
770 2576 788 2607 8
804 2575 957 2609 necdum
982 2579 1123 2609 etrusco
1139 2573 1234 2608 bello
1258 2578 1424 2618 exempto
1440 2583 1524 2606 mox
1550 2570 1711 2616 sequitur
1733 2574 1785 2603 ta-

262 2629 443 2663 rentinum
459 2637 479 2663 Ι
493 2628 505 2674 Η
524 2628 667 2673 quidem
684 2629 721 2663 in
737 2630 880 2664 nomine
895 2639 916 2664 Ι
931 2630 942 2675 Η
960 2633 979 2664 9
997 2630 1034 2665 111
1051 2630 1211 2664 uictoriis
1226 2638 1248 2664 Ι
1261 2629 1272 2675 Η
1302 2630 1340 2663 11
1359 2629 1403 2663 iis
1421 2628 1452 2669 b,
1471 2627 1549 2662 istis
1564 2634 1594 2660 Ν
1610 2626 1622 2671 Η
1639 2636 1783 2670 pyrrum

263 2693 282 2719 Ι
298 2685 310 2730 Η
327 2684 542 2730 epirotarum
559 2685 718 2730 graeciae
736 2694 755 2719 I
776 2685 786 2730 Η
816 2688 855 2718 13
872 2690 1031 2721 tarentos
1046 2695 1077 2721 N
1102 2687 1113 2732 Η
1143 2689 1182 2721 14
1199 2686 1386 2732 apulianae
1401 2692 1426 2719 Β
1451 2683 1462 2728 Η
1493 2684 1532 2717 16
1554 2681 1708 2717 mirabili
1723 2689 1749 2715 B
1766 2680 1777 2725 Η

264 2741 383 2776 adriae
397 2749 417 2775 Ι
428 2766 436 2782 ,
471 2740 658 2775 hadriatici
675 2748 708 2774 N
730 2740 741 2785 Η
770 2742 808 2773 17
827 2741 997 2786 hystriam
1013 2751 1038 2777 Β
1056 2742 1067 2786 Η
1085 2743 1223 2789 epirum
1237 2750 1268 2777 N
1293 2742 1304 2786 Η
1336 2743 1376 2775 19
1391 2739 1506 2775 maius
1522 2738 1702 2773 theatrum
1717 2744 1750 2771 Ν
1764 2737 1775 2782 Η

261 2797 466 2832 theathrum
481 2805 506 2832 Β
524 2797 535 2843 Η
553 2799 596 2832 20
613 2796 853 2832 calamitatum
869 2805 899 2831 N
916 2797 927 2842 Η
944 2798 1048 2832 litore
1064 2806 1089 2832 Β
1107 2798 1117 2842 Η
1136 2800 1175 2831 21
1196 2797 1343 2832 classem
1357 2804 1378 2830 Ι
1393 2796 1404 2841 Η
1433 2797 1474 2830 22
1491 2799 1527 2829 et
1542 2794 1718 2828 insultant
1731 2801 1752 2828 1
1767 2793 1779 2838 Η

263 2856 306 2887 23
324 2853 537 2898 quaerellam
553 2861 578 2887 Β
596 2853 607 2898 Η
624 2852 765 2887 foedere
777 2861 802 2887 Β
819 2853 831 2898 Η
848 2862 1075 2898 opscenamN
1092 2854 1102 2898 Η
1122 2856 1162 2888 25
1181 2853 1305 2899 populi
1321 2855 1503 2898 portarent
1516 2850 1574 2885 his
1591 2861 1782 2896 consurge-

262 2915 342 2943 rent
357 2918 390 2943 N
404 2910 414 2954 Η
440 2912 482 2943 26
500 2909 715 2944 veementior
740 2909 759 2942 b
777 2908 787 2953 Η
813 2920 940 2953 pyrrus
965 2917 1010 2942 ΙΝ
1028 2909 1038 2952 Η
1058 2911 1099 2942 23
1117 2910 1228 2943 totius
1244 2917 1276 2942 N
1291 2909 1301 2953 Η
1319 2907 1414 2953 eperi
1433 2907 1464 2948 b,
1484 2907 1583 2952 epyri
1599 2914 1674 2941 ΒΙΝ
1688 2906 1700 2951 Η
