2002 3320
707 227 903 256 ΕΡΙΤοΜΑ
923 227 957 264 1,
980 220 1024 254 33
1049 214 1119 269 [11,
1145 222 1200 254 17.
1229 213 1304 268 18].
1731 207 1783 253 55

251 330 412 386 pudore
445 327 630 384 populus
664 327 887 369 Romanus
899 358 913 376 ,
945 326 1129 368 dedecus
1160 324 1333 380 quidem
1365 324 1599 379 praesentis
1629 324 1784 380 flagitii

252 399 465 442 deditione
485 396 680 439 Mancini
699 396 906 450 expiauit,
929 403 1119 438 ceterum
1138 397 1247 453 duee
1268 395 1484 450 Scipione,
1508 393 1783 448 Carthaginis

253 467 459 510 incendiis
480 468 535 508 ad
554 466 770 507 excidium
789 466 962 508 urbium
981 465 1150 516 inbuto,
1174 465 1347 506 tandem
1359 464 1490 506 etiam
1508 463 1556 505 in
1575 463 1786 505 ultionem

253 536 495 579 excanduit.
515 537 589 578 sed
610 543 704 577 tum
724 536 860 578 acrius
881 536 928 577 in
948 535 1095 578 castris
1116 550 1246 590 quam
1264 534 1312 575 in
1332 548 1497 588 eampo,
1519 540 1665 575 nostro
1685 546 1783 574 cum

208 610 228 648 5
251 606 387 648 milite
407 620 536 660 quam
556 619 655 647 cum
675 606 947 648 Numantino
966 605 1265 660 proeliandum
1282 601 1380 644 fuit.
1414 603 1572 658 quippe
1602 603 1784 644 assiduis

181 961 222 992 10

179 1308 221 1340 15

177 1654 221 1690 20

175 2008 219 2040 25

175 2355 220 2387 30

251 682 295 716 et
322 675 493 717 iniustis
529 682 572 716 et
606 675 832 716 seruilibus
866 668 1054 717 maxime
1081 674 1278 729 operibus
1307 672 1454 714 adtriti
1479 672 1586 714 ferre
1613 672 1784 727 plenius

250 745 431 794 uallum,
454 744 555 799 quia
574 759 692 786 arma
710 745 939 795 nescirento
961 745 1055 786 luto
1075 743 1292 798 inquinari
1306 775 1319 793 ,
1342 742 1443 797 quia
1463 742 1673 798 sanguine
1691 743 1783 784 nol-

252 814 361 863 lent,
385 814 656 856 iubebantur.
690 816 746 856 ad
764 815 846 856 hoc
866 821 1004 856 scorta
1036 814 1206 855 calones
1241 812 1431 854 sarcinae
1459 812 1545 854 nisi
1575 814 1628 854 ad
1658 827 1784 854 usum

251 884 512 925 necessariae
532 891 823 939 amputantur.
858 885 969 926 tanti
998 897 1089 926 esse
1118 883 1354 924 exercitum
1381 882 1532 936 quanti
1558 882 1783 937 imperato-

248 967 339 994 rem
365 967 465 994 uere
491 954 709 1008 proditum
737 960 815 996 est.
849 954 911 996 sic
938 955 1109 995 redacto
1139 953 1186 994 in
1214 950 1487 1006 disciplinam
1512 952 1651 994 milite
1672 967 1784 994 com-

249 1023 380 1064 missa
398 1022 533 1072 acies,
564 1025 761 1078 quodque
789 1038 916 1065 nemo
935 1024 1131 1065 uisurum
1149 1036 1194 1064 se
1214 1036 1419 1076 umquam
1438 1029 1681 1076 sperauerat
1700 1022 1785 1063 fac-

250 1098 368 1141 tum,
391 1098 441 1132 ut
460 1091 673 1155 fugi-entes
695 1093 987 1134 Numantinos
1018 1092 1244 1147 quisquam
1268 1092 1448 1133 uideret.
1481 1093 1634 1133 dedere
1656 1092 1784 1133 etiam

249 1174 293 1202 se
321 1161 526 1203 uolebant
537 1192 550 1212 ,
589 1162 626 1204 si
656 1162 875 1204 toleranda
902 1161 1007 1204 uiris
1034 1161 1358 1216 imperarentur.
1401 1163 1475 1203 sed
1506 1176 1605 1202 cum
1641 1161 1785 1216 Scipio

248 1243 395 1272 ueram
414 1231 547 1272 uellet
567 1238 611 1272 et
631 1231 724 1273 sine
744 1231 994 1286 exceptione
1014 1231 1239 1273 uictoriam
1251 1263 1264 1281 ,
1288 1246 1338 1273 eo
1358 1231 1665 1273 necessitatum
1685 1245 1784 1272 con-

247 1300 361 1354 pulsi
380 1301 568 1355 primum
593 1308 644 1342 ut
670 1301 884 1342 destinata
902 1308 1038 1343 morte
1057 1302 1105 1343 in
1133 1301 1344 1356 proelium
1375 1309 1569 1352 ruerent,
1611 1316 1711 1342 cum
1736 1308 1785 1343 'se

248 1370 367 1424 prius
406 1371 544 1425 epulis
578 1371 701 1425 quasi
734 1371 897 1412 inferiis
937 1371 1235 1426 impleuissent
1269 1371 1408 1413 carnis
1444 1371 1708 1413 semicrudae
1743 1378 1786 1412 et

248 1439 403 1489 celiae3
420 1440 489 1482 'sic
508 1447 666 1482 uocant
685 1440 934 1495 indigenam
953 1455 1008 1482 ex
1026 1441 1241 1483 frumento
1260 1441 1494 1496 potionem.
1517 1441 1787 1482 intellectum

248 1510 302 1550 ab
321 1510 574 1565 imperatore
594 1510 846 1560 consilium,
877 1510 1022 1564 itaque
1049 1525 1139 1552 non
1167 1517 1231 1553 est
1259 1511 1464 1566 permissa
1494 1525 1641 1565 pugna
1659 1510 1785 1551 mori-

250 1579 372 1621 turis.
421 1594 521 1621 cum
549 1580 661 1622 fossa
693 1587 821 1635 atque
849 1580 980 1622 lorica
1009 1588 1295 1636 quattuorque
1323 1581 1472 1623 castris
1503 1581 1786 1622 circumdatos

247 1649 380 1691 fames
408 1657 643 1704 premeret,
681 1665 707 1691 a
736 1651 843 1692 duce
873 1658 1041 1692 orantes
1071 1652 1307 1706 proelium,
1344 1657 1395 1692 ut
1424 1658 1643 1706 tamquam
1671 1650 1785 1692 uiros
1853 1659 1859 1666 ’

247 1720 481 1770 occideret,
519 1720 594 1761 ubi
626 1734 714 1761 non
743 1720 1055 1775 impetrabant,
1085 1722 1249 1776 placuit
1278 1721 1459 1776 eruptio.
1501 1721 1562 1762 sic
1592 1726 1788 1762 conserta

246 1802 379 1830 manu
398 1790 574 1844 plurimi
593 1790 746 1840 occisi,
778 1797 822 1832 et
841 1805 940 1832 cum
960 1797 1159 1845 urgueret
1178 1791 1310 1833 fames
1323 1824 1336 1842 ,
1360 1791 1667 1846 aliquantisper
1685 1790 1786 1831 inde

248 1857 465 1900 uixerunt.
512 1859 746 1901 nouissime
781 1860 1009 1902 consilium
1042 1860 1170 1915 fugae
1210 1862 1318 1903 sedit
1330 1878 1342 1911 ;
1394 1863 1469 1903 sed
1501 1862 1584 1902 hoc
1619 1874 1786 1915 quoque

248 1930 386 1985 ruptis
418 1944 624 1985 equorum
652 1930 837 1985 cingulis
877 1945 1030 1972 uxores
1068 1932 1287 1982 ademere,
1326 1941 1493 1973 summo
1529 1931 1685 1972 scelere
1712 1945 1787 1985 per

247 2015 447 2042 amorem.
481 2000 624 2055 itaque
645 2000 864 2055 deplorato
895 2000 1016 2041 exitu
1044 2000 1091 2041 in
1118 2001 1317 2042 ultimam
1337 2001 1497 2042 rabiem
1518 2001 1787 2054 furoremque

244 2070 462 2128 conuersi,
493 2076 706 2125 postremo
735 2070 1020 2124 Rhoecogene
1049 2072 1157 2112 duce
1187 2086 1231 2113 se
1262 2086 1361 2113 suos
1381 2071 1565 2126 patriam
1584 2071 1693 2111 ferro
1713 2084 1785 2110 ue-

247 2155 387 2190 neno,
411 2140 605 2181 subiecto
625 2140 725 2194 igne
752 2139 943 2194 undique
972 2149 1241 2195 peregerunt.
1294 2148 1433 2182 macte
1462 2140 1574 2182 este!
1609 2138 1785 2180 fortissi-

246 2224 361 2251 mam
381 2216 425 2250 et
443 2224 539 2251 meo
558 2209 718 2251 iudicio
737 2208 1029 2250 beatissimam
1048 2210 1095 2250 in
1115 2210 1219 2264 ipsis
1240 2210 1364 2251 malis
1386 2209 1630 2251 ciuitatem!
1666 2210 1784 2250 adse-

245 2277 332 2319 ruit
351 2292 450 2319 cum
469 2280 553 2319 fide
574 2278 726 2328 socios,
748 2278 958 2332 populum
974 2278 1087 2319 orbis
1109 2286 1315 2320 terrarum
1336 2279 1501 2320 uiribus
1522 2279 1681 2320 fultum
1697 2286 1786 2319 tam

246 2361 379 2401 parua
398 2361 531 2389 manu
551 2355 689 2390 aetate
711 2355 800 2390 tam
818 2348 949 2402 longa
969 2347 1190 2390 sustinuit.
1215 2348 1448 2390 nouissime
1468 2348 1657 2390 maximo
1678 2349 1785 2389 duee

248 2520 267 2551 2
285 2517 407 2562 magni
423 2525 448 2551 B
466 2518 477 2563 Η
497 2521 516 2553 3
534 2518 674 2553 excidia
689 2527 722 2553 N
737 2519 748 2564 Η
767 2522 785 2552 4
805 2524 891 2554 tunc
908 2530 938 2556 N
954 2523 966 2567 ΙΙ
986 2524 1006 2556 6
1023 2522 1150 2567 plenus
1167 2525 1192 2554 Β
1210 2521 1221 2565 ΙΙ
1242 2523 1258 2552 ἶ
1278 2520 1363 2565 quia
1379 2519 1526 2564 scripsi:
1543 2520 1606 2565 qui
1621 2528 1678 2554 BN
1694 2521 1704 2565 ΙΙ
1723 2520 1785 2565 qui

246 2581 279 2608 N
294 2574 305 2618 ΙΙ
323 2574 449 2608 nolent
463 2582 497 2609 N
511 2575 522 2620 ΙῙ
540 2577 560 2609 9
578 2574 778 2609 necessaria
791 2583 825 2609 N
839 2576 850 2622 ΙΙ
868 2581 1090 2623 anputantur
1106 2585 1139 2611 N
1153 2578 1164 2622 ΙΙ
1187 2580 1225 2611 10
1244 2576 1274 2610 si
1290 2585 1315 2610 B
1332 2577 1343 2623 ΙΙ
1372 2579 1412 2611 12
1429 2576 1698 2610 nummantinos
1714 2584 1740 2609 Β
1758 2576 1768 2620 ΙΙ

245 2629 434 2676 quisquam
452 2631 650 2672 deleuem‘m,
671 2630 743 2664 nisi
755 2631 828 2666 alia
846 2633 958 2668 latent
973 2633 984 2678 ΙΙ
1008 2634 1047 2667 13
1065 2633 1135 2667 uiri
1158 2641 1184 2668 B
1202 2633 1213 2678 ΙΙ
1236 2634 1273 2667 17
1293 2632 1403 2667 celiae
1420 2641 1446 2667 N
1458 2645 1470 2665 .-
1498 2632 1653 2678 praellae
1668 2640 1694 2666 B
1711 2631 1722 2676 ΙΙ
1746 2633 1784 2664 19

246 2686 482 2732 confessaque
499 2687 609 2722 lorica
623 2695 649 2721 Β
666 2687 677 2732 ΙΙ
696 2689 739 2721 20
756 2687 801 2721 ab
817 2696 850 2722 Ν
864 2689 875 2734 Η
894 2693 1018 2723 orante
1034 2697 1067 2723 N
1081 2689 1093 2734 ΙΙ
1111 2691 1150 2723 21
1178 2693 1390 2723 conseruata
1414 2696 1439 2722 Β
1456 2688 1467 2733 ΙΙ
1486 2690 1529 2722 22
1555 2692 1700 2732 urgeret
1716 2694 1740 2719 B
1758 2686 1769 2731 Η

247 2743 290 2774 23
307 2741 472 2777 uiserunt
486 2751 512 2777 Β
530 2744 540 2788 Η
560 2746 602 2778 24
620 2742 755 2789 singuli
770 2751 796 2777 Β
812 2744 824 2789 ΙΙ
843 2747 885 2779 26
898 2750 1079 2791 postremo
1095 2745 1186 2779 mori
1202 2745 1271 2779 hoe
1287 2756 1418 2791 genere
1435 2744 1662 2778 destinarunt
1678 2742 1787 2775 duces

249 2807 332 2831 suos
349 2809 458 2844 seque
476 2800 700 2845 patriamque
726 2799 820 2834 ferro
844 2804 882 2835 et
905 2812 1046 2836 ueneno
1073 2801 1308 2847 subiectoque
1333 2800 1494 2845 undique
1520 2799 1604 2843 igne
1629 2807 1785 2842 pereme-

248 2856 334 2886 runt
347 2858 380 2887 N
393 2854 406 2899 11
423 2854 533 2889 duces
551 2856 570 2889 ὂ
588 2856 599 2900 H
618 2867 655 2890 se
672 2855 795 2889 addidi
804 2869 816 2889 .·
833 2864 889 2891 om
904 2865 930 2892 Β
947 2856 959 2903 fl
978 2859 1022 2891 27
1039 2862 1115 2892 este
1131 2857 1315 2901 Hauptim
1327 2870 1338 2889 .·
1364 2866 1439 2889 esse
1466 2861 1524 2887 BN
1547 2853 1558 2897 ss
1585 2855 1627 2886 29
1654 2852 1785 2886 fultum

247 2918 312 2945 sua
326 2919 435 2943 manu
451 2918 483 2943 N
497 2911 508 2955 ΙΙ
