2002 3320
266 227 316 268 18
906 238 997 266 1VL1
1020 237 1148 266 nom

261 339 307 379 in
327 336 543 378 curulibus
565 335 651 376 suis
671 342 955 389 praetextatos
983 350 1103 377 senes
1124 336 1244 377 uelut
1263 337 1363 376 deos
1392 334 1622 389 geniosque
1652 347 1779 374 uene·
1811 334 1839 373 1

262 407 364 456 rati,
396 420 498 446 mox
526 406 720 453 eosdem,
751 411 976 458 postquam
1005 419 1094 446 esse
1123 405 1317 446 homines
1346 403 1535 458 liquebat
1549 435 1562 453 ,
1595 403 1784 457 alioquin

262 475 372 516 nihil
391 475 641 528 respondere
662 473 886 528 dignantes
906 473 999 527 pari
1018 474 1216 515 uecordia
1240 481 1452 523 mactant,
1485 474 1680 527 facesque
1701 480 1784 513 tec-

263 546 317 586 tis
343 543 526 584 iniciunt
539 575 552 592 ,
586 550 627 584 et
648 550 782 584 totam
801 543 951 583 urbem
969 542 1061 596 igni
1080 543 1190 584 ferro
1209 543 1406 584 manibus
1427 550 1678 597 exaequant.
1713 556 1787 583 sex

263 614 480 655 mensibus
514 612 682 653 barbari
722 636 775 643 —-
810 612 904 666 quis
939 611 1150 652 crederet?
1190 637 1242 643 -—
1285 612 1396 653 circa
1427 620 1617 654 montem
1651 627 1786 653 unum
1813 620 1834 652 5

262 684 596 738 pependerunt,
618 696 696 722 nec
731 682 878 722 diebus
910 682 1035 721 modo
1048 712 1062 730 ,
1099 682 1172 722 sed
1209 682 1404 722 noctibus
1443 697 1608 736 quoque
1645 682 1789 723 omnia

264 753 427 808 experti
438 769 450 802 ;
483 766 581 793 cum
601 758 746 792 tamen
774 750 964 792 Manlius
994 757 1119 791 nocte
1150 751 1370 792 subeuntis
1401 752 1597 806 clangore
1627 751 1786 792 anseris

265 823 472 871 excitatus
497 836 522 862 a
541 835 707 862 summa
726 835 830 874 rupe
860 819 1036 869 deiecit,
1069 826 1111 860 et
1144 826 1194 860 ut
1223 835 1341 874 spem
1370 821 1562 862 hostibus
1585 822 1785 871 demeret,

264 905 520 946 quamquam
540 890 586 930 in
607 905 773 931 summa
791 891 918 939 fame,
942 897 1085 930 tamen
1107 891 1161 930 ad
1181 890 1363 943 speciem
1382 890 1562 931 fiduciae
1582 904 1713 944 panes
1734 891 1786 931 ab

265 976 358 1002 arce
389 961 596 1001 iaculatus
639 966 716 1001 est.
760 967 803 1001 et
845 955 956 1001 stato
987 960 1170 1013 quodam
1202 959 1270 1000 die
1299 974 1375 1014 per
1412 960 1572 1001 medias
1602 959 1791 1000 hostium
1819 967 1860 999 10

265 1030 476 1072 custodias
497 1029 678 1070 Fabium
697 1029 944 1083 pontificem
964 1030 1016 1069 ab
1047 1043 1140 1068 arce
1171 1028 1357 1079 dimisit,
1392 1030 1464 1083 qui
1493 1030 1698 1071 sollemne
1726 1043 1790 1070 sa·
1853 1029 1858 1032 ”

266 1115 385 1141 crum
414 1100 460 1140 in
490 1098 703 1143 Quirinali
731 1106 877 1140 monte
907 1099 1146 1139 conficeret.
1185 1105 1311 1152 atque
1340 1098 1412 1139 ille
1442 1113 1518 1152 per
1546 1098 1694 1139 media·
1715 1098 1790 1138 ho-

266 1170 397 1210 stium
416 1169 502 1209 tela
521 1168 746 1209 incolumis
765 1167 982 1222 religionis
1009 1167 1168 1208 auxilio
1199 1167 1355 1209 rediuit
1383 1168 1671 1222 propitiosque
1691 1169 1791 1208 deos

267 1237 544 1280 renuntiauit.
577 1237 808 1278 nouissime
830 1253 928 1279 cum
948 1237 1035 1279 iam
1055 1237 1218 1279 obsidio
1239 1252 1316 1278 sua
1334 1238 1532 1278 barbaros
1552 1237 1789 1291 fatigasset,

266 1309 383 1349 mille
402 1309 543 1362 pondo
564 1307 656 1347 auri
675 1321 886 1348 recessum
906 1322 1032 1349 suum
1060 1308 1356 1357 uendit-antes,
1386 1307 1515 1360 idque
1544 1307 1687 1360 ipsum
1715 1320 1792 1360 per
1821 1313 1863 1345 15

266 1377 553 1426 insolentiam,
577 1391 674 1416 cum
695 1378 748 1417 ad
767 1377 915 1430 iniqua
933 1379 1121 1431 pondera
1136 1377 1279 1418 addito
1301 1377 1438 1417 adhuc
1454 1376 1596 1430 gladio
1617 1376 1792 1429 insuper

262 1444 360 1487 ‘uae
380 1441 519 1487 uictis'
542 1446 824 1500 increparent,
857 1446 997 1487 subito
1027 1448 1248 1501 adgressus
1278 1460 1303 1486 a
1322 1452 1440 1499 tergo
1462 1444 1669 1486 Camillus
1690 1446 1794 1486 adeo

266 1516 418 1557 cecidit
447 1523 496 1556 ut
525 1515 668 1556 omnia
695 1504 990 1556 incendiorum
1017 1515 1201 1570 uestigia
1230 1514 1388 1556 Gallici
1416 1514 1636 1569 sanguinis
1665 1513 1791 1555 inun-

271 1586 441 1627 datione
462 1581 661 1626 deleret.u
696 1599 818 1639 agere
839 1585 995 1639 gratias
1024 1585 1089 1626 dis
1116 1584 1412 1625 inmortalibus
1434 1584 1526 1638 ipso
1547 1590 1692 1625 tantae
1712 1583 1862 1638 cla—[I]

268 1654 332 1695 dis
353 1654 525 1695 nomine
545 1655 664 1695 libet.
696 1661 914 1708 pastorum
934 1669 1050 1695 casas
1071 1654 1183 1708 ignis
1213 1654 1311 1702 ille,
1344 1661 1386 1694 et
1415 1655 1588 1695 flamma
1615 1645 1793 1707 pauper-
1821 1660 1865 1692 20

270 1731 401 1765 tatem
421 1724 598 1765 Romuli
617 1724 851 1764 abscondit.
884 1723 1129 1764 incendium
1157 1723 1267 1764 illud
1296 1722 1398 1776 quid
1427 1723 1514 1778 egit
1535 1722 1651 1764 aliud
1666 1754 1678 1771 ,
1710 1722 1795 1763 nisi

268 1801 317 1834 ut
338 1794 548 1835 destinata
576 1793 799 1834 hominum
829 1808 876 1834 ac
907 1795 1081 1834 deorum
1112 1792 1325 1833 domicilio
1360 1791 1511 1832 ciuitas
1540 1805 1628 1830 non
1657 1791 1797 1832 deleta

269 1877 347 1902 nec
369 1864 543 1912 obruta,
577 1864 651 1904 sed.
678 1862 847 1916 expiata
866 1863 1007 1917 potius
1029 1869 1071 1903 et
1090 1863 1271 1903 lustrata
1290 1860 1512 1902 uideatur?
1547 1859 1679 1914 igitur
1698 1866 1794 1914 post

271 1932 479 1973 adsertam
509 1947 533 1973 a
563 1932 751 1981 Manlio,
784 1932 1025 1973 restitutam
1055 1946 1079 1972 a
1111 1931 1293 1972 Camillo
1321 1931 1470 1971 urbem
1502 1930 1638 1971 acrius
1668 1929 1796 1971 etiam

270 2000 649 2055 uehementiusque
669 2002 716 2041 in
735 2001 939 2043 finitimos
960 2000 1202 2042 resurrexit.
1823 2005 1868 2038 25

709 2135 840 2175 VIII.
874 2134 1067 2174 BELLA
1088 2134 1366 2175 GALLICA.

270 2262 334 2301 Ac
363 2261 548 2315 primum
583 2261 774 2301 omnium
808 2260 927 2302 illam
954 2261 1091 2315 ipsam
1125 2259 1337 2301 Gallicam
1371 2266 1543 2313 gentem
1577 2273 1664 2299 non
1698 2272 1796 2299 con-

273 2338 415 2370 tentus
437 2327 684 2371 ”moenibus
702 2330 930 2384 expulisse,
948 2345 1045 2371 cum
1061 2344 1135 2383 per
1152 2329 1322 2370 Italiam
1336 2328 1558 2382 naufragia
1573 2342 1650 2368 sua
1664 2327 1792 2368 latius
1823 2327 1856 2367 I

274 2399 505 2447 traherent,
530 2399 588 2439 sic
609 2405 854 2452 persecutus
879 2405 942 2439 est
963 2400 1069 2439 duce
1086 2398 1284 2447 Camillo,
1308 2405 1356 2438 ut
1376 2397 1502 2437 hodie
1522 2397 1642 2438 nulla
1663 2397 1793 2437 Seno-

272 2481 377 2506 num
398 2467 580 2520 uestigia
599 2468 825 2521 supersint.
851 2469 981 2508 semel
1002 2474 1104 2522 aput
1124 2467 1335 2508 Anienem
1352 2466 1567 2516 trucidati,
1591 2479 1687 2506 cum
1709 2464 1792 2505 sin-
1823 2471 1866 2504 30

273 2633 292 2664 3
311 2632 499 2665 uaecordia
517 2640 542 2665 Β
560 2633 570 2677 ΙΙ
589 2635 607 2665 4
627 2633 711 2677 igne
729 2641 762 2666 Ν
776 2634 787 2678 ΙΙ
806 2637 824 2667 5
844 2634 986 2668 credere
1002 2641 1027 2667 B
1045 2634 1057 2678 Η
1075 2635 1094 2667 8
1110 2645 1198 2679 rupe
1210 2653 1254 2658 -—-
1269 2644 1406 2667 summa
1421 2643 1476 2666 om
1493 2639 1519 2665 B
1536 2631 1546 2675 ΙΙ
1568 2631 1608 2663 10
1622 2633 1714 2663 stato
1730 2629 1797 2663 Nb:

271 2690 407 2720 statuto
422 2694 467 2720 BI
483 2687 493 2731 ΙΙ
516 2689 555 2721 13
565 2688 672 2721 rediit
687 2696 714 2729 I,
735 2689 853 2723 reddit
868 2698 899 2722 Ν
915 2692 925 2734 Η
948 2692 987 2722 15
1000 2689 1108 2734 idque
1126 2709 1168 2714 --
1186 2693 1227 2722 ut
1243 2688 1362 2722 omnia
1378 2700 1433 2722 om
1447 2695 1468 2721 Ι
1482 2687 1495 2731 ΙΙ
1515 2687 1555 2721 16
1566 2685 1711 2729 insuper
1727 2695 1794 2718 uae

272 2741 378 2776 uictis
393 2741 520 2786 scripsi
535 2742 748 2776 Salmasium
764 2747 899 2777 secutus
911 2758 923 2776 :
950 2744 1095 2788 insuper
1111 2744 1216 2778 uictis
1232 2752 1257 2777 B
1266 2769 1274 2785 ‚
1295 2742 1446 2788 superbe
1462 2740 1567 2775 uictis
1579 2743 1616 2773 'N
1630 2739 1641 2784 ΙΙ
1663 2741 1702 2773 18
1721 2750 1797 2773 cae-

273 2797 361 2831 cidit
376 2805 400 2830 B
418 2796 428 2842 ΙΙ
451 2799 490 2831 18
508 2797 778 2832 inmundatione
794 2807 819 2832 B
837 2799 847 2843 ΙΙ
872 2801 910 2832 21
932 2799 1013 2832 illut
1028 2807 1061 2832 N
1075 2799 1086 2844 Η
1106 2801 1147 2833 22
1165 2798 1385 2833 domicilium
1399 2805 1425 2831 Β
1443 2797 1454 2843 ΙΙ
1473 2798 1514 2830 24
1532 2795 1665 2829 amillio
1681 2804 1706 2830 B
1724 2796 1735 2841 ΙΙ
1753 2797 1796 2829 25

273 2852 566 2898 ueementiusque
585 2853 604 2886 b
629 2853 640 2898 11
658 2853 797 2888 finimos
814 2862 838 2887 B
863 2854 873 2898 ΙΙ
899 2857 942 2887 29
969 2858 1125 2887 traerent
1147 2863 1209 2900 B„
1226 2858 1356 2888 traeret
1382 2853 1422 2893 b,
1458 2851 1616 2885 traheret
1640 2859 1672 2884 Ν
1686 2851 1698 2895 ΙΙ
1716 2851 1801 2885 duc-

271 2911 370 2940 tante
397 2908 442 2950 [ΙΙ
