2002 3320
829 241 1091 272 mummi-10.
1167 251 1171 253 >
1638 233 1740 270 XIII

364 356 393 396 p
414 345 456 390 9,
512 345 528 381 1
554 354 633 381 nec
654 339 730 381 diu
750 339 796 381 in
817 341 901 382 fide
921 344 997 382 IN
1003 359 1017 382 .·
1038 355 1118 383 nec
1137 340 1248 382 desit
1269 341 1424 383 deinde
1443 347 1483 382 B

413 415 455 461 9,
485 414 532 451 16
555 410 630 451 illo
652 411 774 452 uelut
794 415 891 453 IN.-
913 410 1014 452 illut
1034 413 1158 453 uelut
1178 417 1217 452 B

385 495 455 540 21,
484 494 531 531 19
555 489 783 552 coniurant
821 498 911 532 erat
940 498 1073 533 terror
1107 491 1260 546 ingens
1301 494 1396 532 IN.-
1418 475 1739 532 coniuranteiai

551 553 709 612 ieri-{iis
729 570 881 626 ingens
902 576 941 611 Β

184 647 258 702 qui
289 648 391 690 satis
427 650 581 691 docent
622 649 668 691 in
696 655 735 691 Β
768 649 934 691 incuria
963 651 1172 705 quaedam
1201 664 1292 691 esse
1323 655 1520 703 corrupta
1556 664 1664 704 quae
1694 653 1744 690 N

183 725 296 760 recte
316 719 520 761 seruauit.
565 727 609 761 at
629 720 724 762 aliis
746 721 1003 775 quibusdam
1022 719 1126 761 locis
1140 751 1153 769 ,
1176 719 1252 761 ubi
1271 725 1311 760 B
1330 727 1405 760 aut
1425 734 1571 761 ueram
1591 719 1736 761 lectio-

182 803 282 830 nem
302 789 477 832 exhibet
499 798 572 831 aut
594 782 723 832 talem
745 793 797 833 de
818 806 902 846 qua
928 805 1003 846 per
1024 804 1068 831 se
1098 790 1326 831 dubitandi
1355 790 1477 831 nulla
1506 805 1635 831 causa
1654 797 1734 839 est,
1802 798 1808 802 ’

183 862 212 899 Ι
227 866 270 900 et
290 864 340 902 N
354 861 466 902 inter
486 876 531 902 se
551 861 866 903 consentientes
889 876 914 902 a
933 867 972 902 B
991 861 1266 902 dissentiunt.
1311 869 1412 902 sunt
1433 875 1535 902 uero
1556 861 1603 901 hi

412 955 440 994 p
463 945 532 990 20,
558 945 608 982 27
631 940 677 981 in
698 940 792 995 ipsa
812 939 989 982 Samnio
1010 943 1104 989 IN,
1128 939 1174 980 in
1194 940 1288 995 ipso
1310 939 1486 982 Samnio
1506 945 1545 980 B

463 1014 534 1060 29,
563 1014 609 1052 19
633 1010 772 1064 ipsam
790 1010 912 1050 illam
931 1013 1016 1059 IN,
1040 1009 1161 1050 illam
1180 1010 1319 1065 ipsam
1339 1016 1378 1051 B

465 1084 533 1130 30,
563 1086 610 1121 15
634 1082 821 1135 adeoque
842 1083 927 1130 IN,
951 1088 1079 1135 atque
1099 1085 1139 1121 B

465 1155 533 1201 32,
588 1157 608 1191 7
632 1151 694 1192 ibi
713 1154 799 1201 IN,
824 1151 876 1192 ab
897 1150 965 1192 his
986 1140 1025 1191 Β
1070 1144 1074 1147 “

464 1225 532 1271 36,
559 1226 606 1263 31
632 1223 687 1263 ad
707 1221 992 1264 constitutum
1011 1225 1098 1271 IN,
1121 1236 1175 1262 ex
1195 1220 1429 1262 constituto
1451 1226 1489 1260 B

464 1296 532 1342 39,
586 1296 608 1332 9
631 1292 723 1333 uim
743 1307 808 1334 om
829 1296 913 1343 IN,
942 1293 1032 1333 add
1050 1297 1089 1333 B

465 1367 532 1413 39,
586 1367 608 1403 9
633 1370 932 1418 oppresserunt
952 1366 1036 1414 IN,
1062 1369 1357 1418 oppresserant
1378 1367 1416 1402 Β

466 1437 532 1483 39,
560 1437 611 1474 23
635 1435 787 1475 saltem
807 1434 879 1474 uel
898 1437 983 1483 IN,
1009 1434 1160 1475 saltem
1180 1438 1219 1474 B

463 1509 532 1554 40,
563 1509 611 1545 13
633 1505 777 1559 itaque
797 1504 910 1559 fugit
930 1507 1013 1554 IN,
1038 1503 1150 1558 fugit
1170 1509 1209 1543 B

463 1579 532 1624 41,
562 1578 609 1615 19
633 1583 733 1616 ante
753 1579 838 1625 IN,
862 1582 987 1616 antea
1009 1579 1047 1615 B
1182 1576 1184 1579 ’

423 1692 428 1696 ,
463 1649 532 1694 41,
559 1649 607 1686 21
631 1644 749 1699 pacis
770 1648 854 1695 IN,
878 1644 995 1699 pacis
1015 1651 1057 1686 et
1076 1650 1116 1685 B

182 1744 309 1792 atque
320 1752 418 1779 cum
429 1744 594 1779 certum
615 1738 671 1779 sit
686 1744 725 1779 B
739 1753 767 1793 p
788 1743 854 1789 30,
881 1743 929 1779 15
950 1744 1063 1779 recte
1079 1737 1280 1779 exhibere
1297 1743 1437 1793 atque,
1450 1752 1479 1792 p
1494 1728 1561 1787 39,
1580 1741 1603 1778 3
1624 1744 1737 1779 recte

181 1807 375 1849 omittere
386 1808 468 1858 uel,
480 1809 595 1863 quod
605 1808 917 1863 interpretandi
927 1808 1065 1864 gratia
1077 1809 1207 1850 uerbo
1218 1809 1369 1850 saltem
1379 1807 1642 1862 adscriptum
1653 1815 1732 1858 est,

182 1877 366 1932 denique
382 1893 411 1932 p
429 1883 498 1928 41,
521 1883 569 1919 21
590 1886 702 1920 recte
719 1880 873 1920 addere
892 1885 945 1930 et,
970 1886 1114 1920 tamen
1133 1879 1284 1921 ceteris
1302 1879 1408 1921 locis
1428 1879 1617 1920 dubitari
1635 1879 1737 1920 licet

181 1955 277 1989 utra
296 1948 424 1990 lectio
444 1963 519 2004 per
549 1964 593 1990 se
621 1949 900 2004 praeferenda
929 1949 1000 1990 sit.
1046 1957 1164 1994 certe,
1192 1950 1273 1991 hoc
1309 1954 1340 1992 I
1369 1957 1413 1992 et
1446 1954 1496 1991 N
1526 1964 1738 1991 consensu

180 2019 406 2073 probatur,
439 2034 529 2060 non
558 2035 705 2061 omnes
734 2020 939 2062 lectiones
960 2019 1116 2075 quibus
1136 2025 1187 2062 N
1201 2036 1300 2062 cum
1319 2026 1359 2062 B
1378 2020 1578 2062 dissentit
1598 2035 1652 2061 ex
1672 2019 1736 2060 in—

179 2090 307 2144 genio
328 2090 420 2132 eius
442 2091 562 2132 ‘ortas
593 2106 685 2133 esse
716 2090 791 2146 qui
811 2091 1002 2137 codicem
1022 2095 1073 2133 N
1088 2091 1281 2146 scripsit,
1316 2093 1391 2134 sed
1410 2091 1566 2146 partim
1588 2106 1641 2131 ex
1662 2105 1736 2131 an-

180 2160 363 2215 tiquiore
400 2161 544 2203 codice
571 2161 801 2203 deriuatas.
854 2161 970 2203 idem
1000 2161 1061 2203 eis
1089 2177 1258 2217 quoque
1287 2161 1391 2203 locis
1422 2163 1736 2203 demonstratur

181 2231 335 2285 quibus
355 2235 405 2273 N
420 2246 519 2273 cum
541 2233 563 2273 b
583 2247 700 2274 nunc
720 2232 767 2273 in
787 2246 913 2282 uera,
937 2247 1055 2273 nunc
1074 2232 1120 2273 in
1141 2247 1275 2287 praua
1294 2231 1477 2272 lectione
1498 2230 1731 2279 consentit3

182 2303 318 2359 quod,
355 2310 651 2358 praeterquam
680 2304 794 2358 quod
814 2317 1086 2344 communem
1107 2295 1275 2344 'habent
1295 2302 1474 2343 formam
1498 2307 1731 2356 poteretur,

180 2371 297 2413 hisce
318 2372 404 2414 fere
426 2373 630 2414 adnotaui

439 2458 469 2498 p
492 2449 607 2493 7,17
631 2443 734 2484 hinc
755 2446 842 2484 BI:
864 2442 934 2483 hic
957 2444 1031 2485 bN

487 2517 527 2563 8,
553 2517 604 2554 25
625 2521 825 2568 poterant
844 2517 913 2554 BI
921 2531 934 2554 .-
955 2519 1121 2568 poterat
1141 2513 1215 2555 bN

463 2587 529 2633 16,
585 2587 607 2622 6
630 2591 849 2638 pareretur
867 2584 963 2625 bN:
994 2591 1214 2638 pararetur
1234 2589 1273 2625 B

465 2658 531 2704 18,
561 2660 608 2695 10
631 2661 743 2696 stato
764 2655 860 2696 bN:
893 2661 1055 2696 statuto
1075 2657 1145 2696 BI

463 2728 530 2775 19,
585 2730 608 2764 4
631 2724 805 2779 aliquod
825 2725 909 2775 bN,
934 2725 1096 2780 aliquot
1116 2731 1155 2766 B

460 2800 529 2846 20,
559 2800 607 2837 12
629 2795 700 2837 hic
720 2796 840 2838 bIN:
869 2795 971 2837 hinc
991 2802 1030 2837 B

461 2871 532 2917 23,
584 2871 606 2907 3
627 2866 742 2908 lirim
762 2867 856 2908 bN:
887 2867 1073 2922 lyrimB

460 2942 529 2988 25,
560 2941 608 2979 13
629 2937 802 2979 brittius
820 2943 884 2979 B:
915 2937 1103 2979 bruttius
1125 2937 1199 2979 bN
