2002 3320
143 821 163 854 5

121 1168 163 1200 10

119 1515 160 1547 15

112 1862 156 1895 20

109 2209 153 2241 25

565 263 762 293 mvn-om
782 263 835 300 11,
859 257 1011 291 14—16
1031 250 1139 306 [1111,
1159 251 1296 306 3—6].
1657 253 1736 292 107

205 363 350 419 fragiis
369 362 607 403 iudicatum
626 362 795 404 hostem
815 363 973 404 Caesar
992 363 1215 416 adgressus
1234 362 1347 404 intra
1369 362 1571 404 Perusiae
1591 377 1735 403 muros

204 433 366 487 redegit
406 431 680 486 conpulitque
720 433 774 473 ad
808 438 998 472 extrema
1027 431 1256 474 deditionis
1285 432 1400 486 turpi
1426 438 1468 473 et
1506 431 1617 473 nihil
1645 447 1734 473 non

202 507 374 557 experta
393 501 519 542 fame.

722 670 1201 713 TRIVMVIRATVS.

193 815 304 856 Cum
325 815 440 856 solus
460 814 591 859 etiam
609 814 755 869 grauis
772 814 883 870 paci,
905 815 1048 870 grauis
1069 816 1130 857 rei
1149 815 1346 870 publicae
1365 822 1478 857 esset
1495 815 1727 865 Antonius,
1748 827 1839 866 1111,
1861 817 1887 856 6

196 884 317 937 quasi
336 884 450 938 ignis
470 884 673 926 incendio
689 884 877 939 Lepidus
899 885 1089 927 accessit.
1122 906 1167 929 a.»
1194 885 1264 926 cui
1284 892 1430 927 contra
1450 887 1557 927 duos
1576 900 1726 927 consu-

193 953 280 1003 les,
303 955 410 995 duos
430 954 638 996 exereitus
668 969 839 996 necesse
868 954 951 1010 fuit
980 955 1128 996 uenire
1158 954 1206 995 in
1235 955 1519 997 cruentissimi
1547 955 1726 996 foederis

191 1023 450 1064 societatem.
507 1024 676 1065 diuersa
705 1023 899 1066 omnium
926 1032 1028 1066 uota
1056 1032 1106 1066 ut
1133 1024 1323 1079 ingenia.
1376 1025 1589 1079 Lepidum
1616 1024 1725 1065 diui-

190 1091 348 1134 tiarum
365 1093 519 1147 cupido
530 1125 544 1142 ,
578 1108 758 1148 quarum
777 1108 872 1147 spes
892 1101 982 1135 erat
1000 1109 1055 1135 ex
1083 1093 1402 1149 perturbatione
1430 1094 1492 1135 rei
1510 1094 1722 1148 publicae,

190 1162 429 1204 Antonium
448 1150 626 1204 ultionis
645 1164 698 1204 de
718 1162 786 1204 his
814 1162 890 1217 qui
917 1178 962 1204 se
990 1163 1158 1209 hostem
1183 1163 1468 1212 iudicassent,
1498 1164 1724 1205 Caesarem

190 1230 355 1273 inultus
384 1238 504 1286 pater
524 1238 567 1272 et
595 1231 795 1273 manibus
822 1233 913 1274 eius
942 1247 1094 1287 graues
1125 1233 1297 1275 Cassius
1326 1239 1369 1274 et
1397 1235 1559 1275 Brutus
1588 1234 1721 1287 agita-

188 1300 308 1342 bant.
341 1301 388 1342 in
407 1302 489 1343 hoe
509 1302 629 1342 uelut
648 1302 796 1344 foedus
816 1317 902 1356 pax
920 1303 1033 1344 inter
1052 1310 1135 1344 tres
1157 1305 1286 1344 duces
1306 1303 1577 1357 conponitur.
1608 1305 1722 1357 apud

189 1370 465 1413 Confluentes
500 1370 612 1412 inter
646 1371 873 1412 Petusium
907 1379 950 1413 et
983 1373 1225 1414 Bononiam
1261 1373 1450 1427 iungunt
1490 1388 1645 1415 manus
1679 1380 1722 1414 et-

189 1439 397 1480 exercitus
418 1440 706 1483 consalutant.
736 1441 860 1482 nullo
883 1442 998 1483 bono
1024 1457 1142 1483 more
1170 1442 1466 1484 triumuiratus
1482 1442 1717 1492 inuaditur,

189 1523 470 1563 oppressaque
507 1509 635 1551 armis
662 1524 707 1551 re
735 1510 908 1564 publica.
935 1512 1045 1552 redit
1073 1512 1254 1554 Sullana
1281 1512 1556 1566 proscriptio,
1598 1513 1719 1555 cuius

185 1578 383 1620 atrocitas
418 1579 531 1620 nihil
564 1579 611 1621 in
639 1594 683 1621 se
710 1579 854 1621 minus
883 1580 1014 1622 habet
1048 1596 1177 1635 quam
1209 1597 1438 1623 numerum
1473 1589 1647 1624 centum
1676 1590 1719 1624 et

185 1648 468 1702 quadraginta
487 1656 744 1691 senatorum.
777 1649 918 1692 exitus
946 1651 1059 1692 foedi
1089 1658 1226 1692 truces
1245 1651 1506 1693 miserabiles
1526 1659 1616 1694 toto
1637 1660 1717 1694 ter·

183 1731 326 1759 rarum
346 1719 445 1759 orbe
477 1718 750 1773 fugientium.
794 1719 889 1774 quis
918 1735 997 1774 pro
1024 1718 1283 1775 indignitate
1308 1721 1588 1775 ingemiscat,
1619 1737 1718 1764 cum

182 1787 401 1829 Antonius
420 1788 604 1830 Lucium
623 1790 850 1830 Caesarem
869 1790 1132 1832 auunculum
1151 1806 1278 1833 suum
1289 1823 1304 1840 ,
1327 1791 1515 1845 Lepidus
1534 1791 1717 1833 Lucium

185 1857 371 1898 Paulum
390 1857 563 1899 fratrem
583 1873 708 1900 suum
726 1859 1073 1913 proscripserint?
1100 1875 1204 1902 nam
1223 1862 1387 1904 Romae
1414 1860 1558 1915 capita
1575 1876 1715 1902 caeso-

180 1940 276 1966 rum
295 1941 530 1981 proponere
550 1927 596 1968 in
616 1928 762 1970 rostris
781 1928 869 1970 iam
896 1929 1105 1971 usitatum
1133 1937 1249 1979 erat3
1280 1945 1430 1972 uerum
1458 1930 1518 1972 sic
1548 1945 1716 1984 quoque

180 1995 333 2038 ciuitas
354 1996 548 2039 lacrimas
570 2004 715 2039 tenere
733 2012 822 2039 non
841 1999 982 2052 potuit
994 2031 1007 2048 ,
1031 2014 1131 2040 cum
1149 2000 1332 2042 recisum
1351 1999 1569 2042 Ciceronis
1587 2006 1716 2053 caput

179 2064 227 2106 in
244 2065 331 2107 illis
351 2066 439 2107 suis
468 2066 614 2108 rostris
647 2066 812 2109 uideret
849 2082 929 2109 nec
957 2069 1080 2111 aliter
1107 2070 1162 2110 ad
1194 2069 1431 2110 uidendum
1460 2083 1559 2111 eum
1587 2083 1714 2121 quam

179 2135 342 2177 solebat
375 2136 431 2177 ad
464 2135 727 2179 audiendum
760 2145 1092 2178 concurreretur.
1139 2139 1244 2179 haec
1274 2138 1469 2179 scelera
1457 2153 1504 2178 in
1532 2137 1715 2178 Antonii

181 2203 416 2257 Lepidique
453 2205 634 2254 tabulis3
677 2207 833 2247 caesar
870 2194 1185 2259 percussoribus
1212 2207 1344 2259 patris
1375 2214 1606 2248 contentus
1634 2206 1715 2248 fuit

178 2270 274 2314 ideo
293 2286 374 2320 ne,
397 2272 433 2312 si
453 2272 593 2315 inulta
612 2274 786 2323 fuisset,
810 2274 942 2316 etiam
959 2274 1073 2316 iusta
1093 2275 1184 2316 eius
1204 2276 1353 2317 caedes
1373 2275 1615 2319 haberetur.

180 2482 200 2514 2
216 2480 350 2526 redigit
364 2489 389 2515 Β
406 2481 418 2526 ss
435 2484 455 2515 5
474 2483 594 2527 grauis
610 2483 690 2528 paci
707 2495 762 2517 om
776 2492 802 2518 Β
819 2484 830 2529 ΙΙ
848 2487 868 2519 6
886 2485 945 2519 cui
959 2494 999 2520 B:
1017 2486 1104 2531 quid
1112 2494 1153 2529 N,
1175 2487 1386 2534 Caesarique
1404 2489 1467 2522 uni
1482 2489 1666 2534 Hauptius
1684 2491 1696 2534 Η

180 2541 306 2571 contra
321 2538 394 2571 duo
411 2538 589 2573 exercitus
603 2547 638 2573 N
651 2540 663 2585 ΙΙ
683 2542 702 2573 8
720 2546 807 2574 uota
823 2541 990 2576 incendia
1004 2550 1039 2575 N
1052 2542 1063 2587 ΙΙ
1081 2545 1102 2576 9
1129 2548 1205 2577 erat
1221 2555 1277 2576 om
1291 2551 1326 2577 N
1339 2544 1350 2588 ΙΙ
1369 2544 1574 2579 turbatione
1590 2553 1623 2579 N
1637 2546 1648 2590 ΙΙ
1670 2548 1710 2579 10

179 2591 353 2626 ultionem
367 2601 394 2627 Β
410 2594 422 2638 ΙΙ
441 2593 492 2627 eis
507 2595 566 2639 Νη
586 2596 623 2628 11
645 2595 784 2630 inuitus
810 2600 949 2642 peteret
971 2597 1138 2632 manibus
1160 2599 1219 2643 Nn
1239 2601 1281 2633 13
1305 2600 1484 2645 perusiam
1509 2608 1558 2641 N,
1584 2601 1710 2634 Petru-

177 2647 265 2682 sim
280 2648 466 2683 Mamm
481 2661 597 2684 marm
613 2650 736 2685 Felsin
751 2658 839 2692 IIII,
869 2653 888 2685 2
907 2663 940 2696 p
963 2653 1047 2694 ¹46,
1077 2653 1260 2688 Mutinam
1282 2655 1353 2688 edd
1370 2659 1465 2697 uett,
1494 2656 1711 2700 Βονρήεειηε

177 2702 276 2747 apud
285 2703 477 2738 Bacchium
494 2705 582 2739 delle
599 2706 671 2740 lodi
684 2706 743 2740 del
755 2707 919 2741 canonico
934 2708 968 2741 L
983 2708 1108 2742 Narde'
1121 2721 1151 2754 p
1173 2711 1221 2744 29
1235 2710 1247 2755 Η
1267 2712 1309 2744 ῒδ
1334 2711 1472 2756 syllana
1487 2719 1513 2744 Β
1529 2712 1540 2756 ΙΙ
1562 2714 1603 2744 16
1619 2711 1711 2744 nihil

177 2757 355 2804 insignius
379 2760 635 2794 Mommsenius
653 2761 664 2806 ss
682 2766 719 2795 et
743 2774 799 2796 om
813 2770 848 2796 N
861 2763 873 2808 11
894 2765 936 2797 18
951 2774 1016 2808 pre
1039 2764 1170 2809 Quibus
1187 2765 1267 2811 quis
1284 2777 1349 2810 pro
1366 2766 1543 2810 dignitate
1568 2766 1619 2799 rei
1635 2773 1666 2799 N
1682 2765 1694 2810 Η

175 2811 393 2857 ingemescat
406 2823 464 2850 ΒΝ
479 2816 491 2861 H
509 2819 551 2850 2⁰
569 2828 674 2850 sunm
691 2817 834 2852 tratrem
849 2826 884 2852 N
897 2819 908 2865 fl
926 2827 1114 2854 namomN
1128 2819 1140 2865 fl
1157 2829 1336 2854 romanaB
1354 2821 1366 2864 ΙΙ
1383 2831 1568 2854 censorum
1585 2828 1620 2854 N
1632 2821 1647 2865 l}
1661 2823 1705 2854 22

173 2867 328 2902 lacrimis
343 2877 369 2903 Β
385 2870 398 2915 fl
415 2872 459 2904 23
474 2871 659 2906 uideretur
674 2880 708 2906 N
721 2873 733 2918 ΙΙ
752 2875 794 2907 25
811 2878 995 2910 contestas
1011 2883 1038 2910 Β
1055 2876 1066 2921 ΙΙ
1083 2876 1155 2910 fuit
1170 2876 1227 2910 his
1252 2887 1395 2921 quoque
1411 2875 1481 2910 nisi
1498 2875 1615 2910 inulta
1630 2883 1662 2910 N
1677 2876 1689 2920 Η

172 2923 215 2957 26
238 2923 315 2958 eius
333 2936 389 2958 om
410 2925 470 2970 Nu
