2002 3320
274 248 326 288 30
915 259 1006 287 1VL1
1030 258 1157 287 ηοω

273 361 377 416 fuga
395 366 542 400 rostra.
575 357 756 398 iniectae
775 357 891 398 enim
910 358 1067 398 ferreae
1096 369 1248 397 manus
1277 355 1584 409 machinaeque
1612 354 1795 404 ualidae,

1827 355 1859 394 I

275 438 374 472 ante
396 436 609 470 certamen
629 426 816 467 multum
835 427 888 467 ab
908 426 1031 467 hoste
1052 426 1212 467 derisae
1225 458 1237 475 ,
1270 424 1487 479 coactique
1516 425 1659 465 hostes
1680 423 1801 478 quasi
1831 446 1837 452 ι

278 499 323 540 in
344 494 478 540 solido
499 499 735 539 decernere.
771 496 908 538 uictor
929 510 1028 550 ergo
1058 503 1162 549 aput
1182 496 1357 550 Liparas
1384 510 1521 536 mersa
1549 501 1624 536 aut
1653 495 1802 548 fugata

276 568 467 610 hostium
486 569 619 609 classe
638 567 825 623 primum
844 566 970 607 illum
988 564 1251 606 maritimum
1269 565 1358 621 egit
1377 564 1655 620 triumphum.
1680 564 1801 606 cuius

278 641 391 695 quod
424 639 631 694 gaudium
665 636 773 678 fuit!
818 649 917 676 cum
946 634 1137 676 Duillius
1165 634 1416 688 imperator,
1448 649 1535 676 non
1574 641 1801 676 contentus

279 711 410 751 unius
432 709 517 751 diei
538 707 771 761 triumpho,
793 720 869 760 per
887 705 1024 746 uitam
1044 717 1228 754 omnem,
1251 704 1326 745 ubi
1346 719 1372 744 a
1391 718 1495 745 cena
1513 704 1667 745 rediret
1685 718 1802 759 prae-

279 782 421 822 lucere
441 778 607 819 funalia
621 784 664 818 et
679 775 920 831 praecinere
937 774 1017 816 sibi
1037 774 1163 815 tibias
1179 774 1318 823 iussit,
1342 773 1462 827 quasi
1481 774 1634 815 cotidie
1654 773 1802 814 trium-

279 850 448 904 pharet.
483 862 583 902 prae
603 853 725 887 tanta
743 845 872 886 huius
893 843 1073 885 uictoria
1091 843 1187 884 leue
1208 845 1413 884 damnum
1432 843 1514 883 fuit
1529 843 1635 883 alter
1654 853 1803 883 consu—

279 921 372 961 lum
401 919 661 970 interceptus
682 915 819 956 Asina
846 913 1086 962 Cornelius,
1109 913 1183 967 qui
1203 913 1401 953 simulato
1429 912 1638 966 colloquio
1659 925 1805 952 euoca—

280 997 350 1030 tus
375 995 502 1041 atque
527 986 590 1027 ita
614 999 838 1039 oppressus
862 983 970 1033 fuit,
997 983 1199 1037 perfidiae
1226 982 1416 1024 Punicae
1442 983 1760 1022 documentum.

395 1056 592 1099 Calatino
627 1055 830 1095 dictatore
864 1054 950 1094 fere
985 1052 1128 1093 omnia
1153 1051 1364 1105 praesidia
1403 1052 1646 1092 Poenorum
1683 1049 1806 1103 Agri-

282 1133 410 1181 gento
431 1124 641 1179 Drepanis
672 1123 915 1164 Panhormo
936 1123 1070 1176 Eryce
1099 1121 1385 1175 Lilybaeoque
1405 1119 1602 1161 detraxit.
1627 1119 1807 1172 trepida-

283 1204 377 1238 tum
397 1202 461 1252 est
481 1194 611 1235 semel
631 1193 741 1233 circa
761 1191 1129 1234 Camerinensium
1150 1191 1330 1239 saltum,
1364 1191 1438 1230 sed
1464 1188 1621 1230 eximia
1649 1188 1809 1229 uirtute

284 1264 492 1319 Calpurni
512 1264 728 1304 Flammae
747 1261 910 1302 tribuni
929 1260 1117 1301 militum
1145 1259 1372 1300 euasimus.
1416 1256 1495 1312 qui
1518 1259 1628 1299 lecta
1648 1266 1807 1298 trecen—

284 1342 425 1376 torum
452 1347 585 1374 manu
617 1332 830 1373 insessum
864 1331 917 1370 ab
952 1329 1147 1370 hostibus
1177 1329 1393 1369 tumulum
1427 1327 1651 1381 occupauit
1680 1333 1807 1380 atque

284 1411 472 1445 moratus
493 1403 636 1443 hostes
658 1408 746 1449 est,
776 1402 880 1440 dum
900 1398 1108 1439 exercitus
1139 1397 1277 1438 omnis
1307 1398 1518 1437 euaderet.
1553 1411 1602 1437 ac
1629 1396 1689 1437 sic
1715 1397 1809 1450 pul-

275 1469 493 1514 cherrimo
514 1471 633 1511 exitu
654 1469 1034 1522 Thermopylarum
1064 1474 1106 1508 et
1126 1466 1340 1507 Leonidae
1359 1466 1518 1506 famam
1538 1466 1807 1519 adaequauit,

286 1543 366 1583 hoc
397 1540 616 1582 inlustrior
647 1546 817 1587 noster,
848 1539 961 1592 quod
981 1535 1242 1590 expeditioni
1272 1542 1415 1576 tantae
1447 1534 1677 1589 superfuit,
1713 1534 1814 1575 licet

288 1611 400 1652 nihil
419 1608 681 1663 inscripserit
701 1608 925 1662 sanguine.

401 1680 535 1721 Lucio
556 1678 753 1720 Cornelio
784 1677 982 1731 Scipione
1012 1676 1210 1724 consule,
1242 1688 1341 1715 cum
1368 1673 1456 1714 iam
1486 1673 1633 1715 Sicilia
1662 1674 1811 1714 subur-

287 1752 400 1791 bana
421 1756 531 1790 esset
550 1748 699 1803 populi
720 1746 906 1788 Romani
925 1745 1171 1800 prouincia,
1206 1751 1399 1797 serpente
1428 1743 1556 1784 latius
1583 1743 1696 1783 bello
1718 1743 1813 1784 Sar-

1829 641 1848 672 5

1835 988 1877 1020 10

1837 1335 1879 1366 15

1839 1681 1884 1713 20

290 1820 453 1860 diniam
475 1819 767 1870 adnexamque
788 1816 1005 1858 Corsicam
1032 1814 1215 1856 transiit.
1250 1812 1401 1854 Olbiae
1430 1812 1527 1862 hic,
1558 1812 1619 1853 ibi
1646 1812 1815 1852 Aleriae
1859 1851 1862 1853 Α

289 1889 406 1930 urbis
427 1886 593 1928 excidio
612 1886 772 1927 incolas
794 1885 959 1934 terruit,
983 1886 1170 1937 adeoque
1191 1882 1308 1923 omni
1328 1888 1439 1922 terra
1458 1888 1501 1922 et
1519 1881 1627 1921 mari
1648 1883 1814 1923 Poenos

289 1957 498 2014 purgauit*
510 1963 560 1996 ut
580 1956 666 1996 iam
686 1954 890 1996 uictoriae
909 1954 1021 1994 nihil
1041 1953 1126 1994 nisi
1145 1952 1290 1993 Africa
1307 1952 1401 2005 ipsa
1418 1957 1610 1992 restaret.

403 2027 550 2067 Marco
570 2024 704 2064 Atilio
725 2024 894 2077 Regulo
925 2024 1032 2063 duce
1061 2022 1148 2062 iam
1177 2022 1223 2062 in
1251 2020 1441 2061 Africam
1467 2019 1699 2073 nauigabat
1726 2018 1814 2059 bel-

291 2097 398 2137 lum.
439 2109 519 2135 nec
562 2093 785 2134 defuerant
821 2091 896 2145 qui
925 2091 1017 2145 ipso
1047 2090 1203 2131 Punici
1230 2089 1357 2129 maris
1385 2088 1558 2129 nomine
1587 2102 1636 2128 ac
1661 2094 1818 2128 terrore

293 2166 544 2213 deficerent,
575 2162 750 2215 insuper
777 2148 961 2214 augerite
988 2159 1152 2200 Nautio
1172 2158 1343 2199 tribuno
1372 2164 1535 2198 metum
1548 2188 1561 2206 ,
1594 2157 1640 2196 in
1671 2170 1814 2210 quem,

295 2322 306 2353 1
329 2319 424 2354 ferae
439 2326 466 2352 Β
482 2318 493 2364 Η
511 2316 630 2352 ualide
646 2323 700 2357 BI,
720 2315 809 2350 aliae
825 2323 859 2350 N
872 2315 884 2361 Η
903 2317 921 2349 3
940 2319 976 2349 et
991 2314 1159 2360 fugataN
1173 2313 1184 2359 Η
1203 2315 1222 2347 5
1240 2317 1329 2358 quot
1343 2320 1369 2347 B
1386 2312 1397 2357 ΙΙ
1415 2310 1569 2346 duellius
1582 2319 1602 2345 I
1615 2310 1627 2356 Η
1645 2313 1667 2345 6
1682 2310 1740 2345 die
1754 2317 1788 2344 N
1801 2309 1812 2356 Η

294 2378 311 2409 7
331 2380 367 2409 et
383 2387 439 2408 om
454 2382 487 2408 N
507 2374 518 2419 Η
546 2372 722 2418 quottidie
737 2380 763 2406 B
789 2371 800 2417 Η
826 2373 845 2405 8
862 2371 970 2405 huius
987 2383 1041 2404 om
1058 2378 1102 2405 ΒΙ
1124 2370 1136 2415 Η
1163 2362 1243 2403 leue
1258 2368 1366 2402 huius
1383 2367 1510 2413 proelii
1526 2367 1696 2401 damnum
1703 2374 1788 2403 ΚΜΝ
1800 2366 1812 2411 Η

298 2433 336 2465 12
353 2441 523 2475 penormo
542 2429 561 2462 b
573 2454 582 2470 ,
610 2439 781 2472 panormo
797 2435 848 2461 IN
862 2428 873 2473 Η
891 2427 984 2460 erico
1000 2435 1033 2460 N
1048 2426 1058 2471 Η
1076 2425 1279 2471 lylibeoque
1294 2432 1319 2458 B
1331 2450 1339 2465 ,
1358 2424 1512 2469 lilybaeo
1528 2431 1560 2456 N
1583 2423 1593 2468 Η
1620 2422 1819 2467 trepidatus

292 2495 317 2520 B
334 2487 346 2531 Η
368 2489 407 2519 13
427 2483 773 2519 circamerinensium
789 2491 827 2527 N⁴
836 2482 847 2527 Η
869 2484 907 2515 14
926 2482 1018 2516 lecta
1034 2487 1114 2516 atru
1130 2492 1238 2515 manu
1254 2489 1287 2514 Ν
1308 2480 1318 2525 Η
1347 2482 1386 2513 15
1404 2480 1573 2514 infestum
1590 2483 1627 2513 et
1642 2478 1818 2512 incessum

293 2549 326 2574 N
348 2541 359 2585 Η
385 2540 545 2584 adeoque
562 2547 611 2572 IN
626 2539 636 2584 Η
658 2540 699 2572 16
716 2542 770 2572 est
786 2537 928 2572 addidi:
946 2549 1000 2571 om
1015 2545 1092 2571 BIN
1106 2537 1117 2582 Η
1134 2537 1200 2570 hac
1217 2535 1301 2570 sicB
1318 2535 1329 2580 Η
1350 2537 1389 2568 17
1407 2534 1616 2569 laedonidae
1630 2541 1667 2574 B,
1686 2531 1819 2566 laconi-

295 2597 361 2631 dae
377 2604 398 2630 Ι
412 2595 423 2640 Η
446 2597 485 2627 18
502 2598 624 2628 tantae
642 2593 820 2638 superfuit
834 2597 875 2626 ut
893 2592 1094 2638 superuixit
1110 2595 1146 2625 et
1161 2591 1252 2625 nihil
1267 2599 1303 2633 B,
1323 2595 1444 2625 tantae
1461 2588 1661 2635 superuixit
1676 2592 1712 2622 et
1727 2587 1818 2621 nihil

293 2651 329 2686 171
339 2677 347 2693 ,
374 2654 494 2685 tantae
511 2649 688 2693 superfuit
704 2652 740 2682 et
755 2649 846 2681 nihil
861 2648 900 2681 1¹¹
911 2674 919 2689 ‚
946 2652 1067 2682 tantae
1084 2647 1261 2691 superfuit
1277 2650 1313 2680 et
1329 2644 1529 2690 superuixit
1549 2644 1633 2678 lieet
1647 2643 1739 2677 nihil
1755 2651 1787 2676 N
1801 2643 1812 2688 Η

298 2708 337 2741 19
355 2703 534 2751 scripserit
547 2711 579 2737 N
595 2704 605 2747 ΙΙ
624 2706 666 2737 20
685 2703 831 2736 consule
846 2703 968 2736 addidi
978 2717 989 2736 .·
1015 2715 1070 2736 om
1086 2709 1162 2736 BIN
1175 2702 1187 2747 Η
1205 2704 1244 2736 21
1263 2713 1410 2736 romana
1423 2709 1457 2735 N
1478 2701 1488 2745 Η
1514 2702 1556 2734 22
1573 2699 1819 2743 adnexamque

295 2763 328 2797 ei
345 2771 525 2795 cossuram
540 2758 669 2792 transit
682 2765 715 2791 N
737 2757 748 2802 Η
773 2757 888 2791 olbiae
905 2758 963 2791 hic
979 2758 1030 2792 ibi
1047 2759 1138 2792 alter
1163 2757 1248 2802 (alte
1266 2758 1299 2803 b)
1323 2765 1359 2798 B,
1381 2756 1511 2790 olbiam
1536 2755 1586 2788 ibi
1612 2753 1742 2787 ateriae
1767 2752 1815 2794 1¹¹,

296 2817 427 2852 olbiam
443 2815 495 2850 ibi
517 2813 663 2848 materie
677 2813 716 2846 11'
727 2838 735 2854 ‚
765 2812 880 2846 olbiae
896 2812 955 2846 hic
970 2813 1123 2847 baleriae
1139 2822 1172 2847 N
1186 2814 1197 2858 Η
1215 2812 1356 2846 Aleriae
1373 2809 1580 2845 Salmasius.
1601 2809 1611 2854 Η
1635 2811 1676 2842 23
1696 2818 1819 2842 omnes

294 2881 326 2907 N
341 2873 352 2918 Η
370 2877 407 2906 et
422 2883 477 2905 om
493 2878 526 2904 N
540 2869 551 2914 Η
579 2871 622 2903 2-1
635 2867 853 2913 repugnauit
867 2875 900 2900 N
922 2867 932 2913 Η
958 2869 1001 2900 26
1018 2868 1164 2901 deerant
1179 2876 1211 2901 N
1226 2868 1237 2912 Η
1255 2868 1317 2912 qui
1333 2867 1371 2900 in
1386 2866 1463 2910 ipso
1479 2873 1499 2898 Ι
1515 2865 1525 2909 Η
1543 2864 1683 2909 punicis
1698 2871 1733 2904 Β,
1754 2875 1819 2909 pu-

295 2929 375 2962 nico
391 2935 412 2961 I
426 2927 437 2972 Η
456 2929 496 2960 27
515 2928 669 2969 augente
685 2923 830 2967 insuper
844 2930 874 2956 N
891 2923 902 2967 Η
919 2922 1068 2956 minatio
1085 2923 1229 2956 tribuno
1245 2930 1273 2962 Ι,
1293 2921 1438 2955 tribuno
1455 2919 1596 2953 nautrio
1613 2927 1645 2952 N
1659 2920 1670 2963 Η

1843 2025 1887 2058 25
