2002 3320
146 1089 187 1120 10

148 1439 188 1470 15

146 1789 189 1821 20

146 2139 189 2172 25

637 247 834 276 ami-om
858 246 909 284 η,
933 243 968 275 5.
993 242 1015 274 6
1038 233 1128 290 [111,
1155 242 1210 275 17.
1239 234 1315 290 18].
1703 233 1756 274 83

503 393 583 435 VI.
616 393 862 435 BELLVM
883 393 1219 436 ADVERSVM
1241 392 1467 435 SOCIOS.

217 512 381 559 Sociale
399 516 563 558 bellum
583 524 760 558 uocetur
779 516 880 557 licet
901 524 950 558 ut
970 523 1252 558 extenuemus
1273 516 1484 572 inuidiam
1496 548 1510 566 ,
1542 517 1579 557 si
1599 530 1751 557 uerum
1769 532 1841 568 111,
1865 517 1915 557 18

215 596 360 629 tamen
382 587 582 628 uolumus
597 619 609 637 ,
639 586 746 628 illud
779 586 907 628 ciuile
936 587 1100 628 bellum
1129 586 1226 628 fuit.
1267 586 1425 642 quippe
1452 601 1552 628 cum
1571 586 1756 642 populus

216 659 438 699 Romanus
460 658 662 699 Etruscos
684 657 861 699 Latinos
891 657 1156 712 Sabinosque
1186 657 1268 699 sibi
1298 657 1517 699 miscuerit
1547 665 1591 699 et
1619 672 1757 698 unum
1799 649 1805 652 ’

215 743 269 770 ex
297 727 496 769 omnibus
527 727 783 782 sanguinem
811 728 964 778 ducat,
995 742 1148 783 corpus
1176 727 1278 770 fecit
1308 743 1362 769 ex
1399 727 1602 769 membris
1632 734 1676 769 et
1705 741 1759 768 ex

215 798 414 840 omnibus
435 812 548 839 unus
570 805 655 848 est3
688 813 768 839 nec
797 798 962 840 minore
990 798 1154 853 flagitio
1174 798 1278 840 socii
1298 798 1412 840 intra
1433 797 1608 840 Italiam
1628 812 1759 853 quam

214 869 330 910 intra
349 868 500 909 urbem
521 867 636 909 ciues
666 869 942 910 rebellabant.
996 868 1141 924 itaque
1170 884 1271 910 cum
1299 869 1366 911 ius
1408 868 1597 910 ciuitatis
1628 883 1757 924 quam

215 939 380 980 uiribus
421 946 627 980 auxerant
667 939 771 981 socii
811 939 1045 981 iustissime
1074 939 1343 994 postularent
1356 971 1368 989 ,
1401 953 1531 994 quam
1561 938 1608 980 in
1638 953 1758 994 spem

215 1024 286 1051 eos
316 1008 518 1063 cupidine
545 1008 850 1052 dominationis
881 1011 1050 1052 Drusus
1079 1017 1292 1061 erexerat,
1324 1017 1554 1066 postquam
1583 1008 1656 1049 ine
1685 1009 1759 1050 do·

214 1079 391 1120 mestico
412 1080 568 1120 scelere
587 1094 812 1134 oppressus
834 1087 921 1130 est,
954 1081 1103 1120 eadem
1123 1079 1196 1120 fax
1208 1111 1220 1129 ,
1253 1093 1361 1133 quae
1388 1079 1514 1120 illum
1534 1078 1755 1128 cremauit,

215 1149 349 1191 socios
370 1148 415 1189 in
438 1163 554 1190 arma
574 1157 617 1191 et
636 1149 1001 1205 expugnationem
1019 1149 1137 1191 urbis
1159 1149 1368 1191 accendit.
1402 1149 1507 1204 quid
1536 1149 1617 1190 hac
1638 1149 1758 1190 clade

215 1218 406 1260 tristius?
438 1219 542 1273 quid
561 1220 879 1262 calamitosius?
908 1235 1008 1262 cum
1036 1235 1163 1262 omne
1184 1219 1359 1262 Latium
1379 1227 1507 1273 atque
1529 1219 1755 1267 Picenum,

216 1289 389 1331 Etruria
408 1289 546 1331 omnis
569 1298 697 1346 atque
718 1291 979 1346 Campania,
1012 1298 1227 1346 postremo
1254 1290 1384 1332 Italia
1404 1297 1553 1331 contra
1578 1296 1759 1330 matrem

216 1374 338 1402 suam
367 1373 415 1400 ac
444 1367 667 1414 parentem
696 1362 847 1403 urbem
874 1368 1170 1416 consurgeret3
1203 1375 1303 1401 cum
1323 1375 1450 1403 omne
1469 1361 1599 1403 robur
1617 1359 1756 1401 fortis·

217 1429 424 1472 simorum
458 1429 889 1486 fidelissimorumque
920 1432 1132 1473 sociorum
1167 1431 1247 1473 sub
1283 1431 1370 1475 suis
1406 1430 1586 1485 quisque
1622 1429 1757 1485 signis

215 1500 423 1541 haberent
444 1499 724 1555 municipalia
743 1501 820 1543 illa
838 1501 1057 1558 prodigia,
1081 1501 1343 1556 Pompedius
1364 1502 1553 1550 Marsos,
1577 1507 1620 1541 et
1640 1499 1757 1541 Lati-

215 1585 294 1611 nos
319 1569 549 1621 Afranius,
584 1572 767 1613 Vmbros
799 1572 994 1622 Plotius,
1025 1572 1237 1628 Egnatius
1266 1572 1469 1614 Etruscos
1484 1602 1497 1621 ,
1520 1569 1758 1617 >Samnium

216 1640 534 1696 Lucaniamque
555 1641 803 1692 Telesinus;
837 1658 937 1685 cum
956 1657 1106 1698 regum
1122 1650 1165 1684 et
1180 1642 1377 1701 gentium
1397 1641 1554 1683 arbiter
1572 1640 1758 1696 populus

215 1711 359 1767 ipsum
379 1725 424 1753 se
444 1725 588 1766 regere
606 1726 695 1753 non
715 1720 883 1768 posset,
908 1721 950 1754 et
972 1713 1129 1754 uictrix
1149 1712 1279 1754 Asiae
1306 1719 1350 1754 et
1380 1713 1578 1766 Europae
1609 1726 1634 1752 a
1654 1712 1759 1753 Cor-

215 1781 321 1822 finio
341 1782 482 1822 Roma
502 1783 784 1838 adpeteretur.

333 1851 529 1894 Primum
547 1852 630 1893 fuit
647 1853 751 1894 belli
771 1853 817 1894 in
837 1854 1008 1896 Albano
1027 1862 1174 1897 monte
1194 1853 1424 1897 consilium
1437 1885 1449 1903 ,
1480 1861 1530 1895 ut
1560 1853 1670 1895 festo
1690 1852 1758 1894 die

219 1920 473 1963 Latinarum
500 1922 641 1964 Iulius
674 1924 833 1966 Caesar
868 1931 910 1965 et
939 1924 1128 1966 Marcius
1160 1924 1390 1980 Philippus
1420 1924 1616 1966 consules
1647 1923 1760 1965 inter

217 2005 335 2032 sacra
355 1999 397 2032 et
427 2006 521 2033 aras
548 1991 886 2035 immolarentur.
919 2002 1148 2049 postquam
1178 1994 1224 2035 id
1251 1995 1370 2037 nefas
1400 1994 1642 2050 proditione
1673 1994 1757 2035 dis-

216 2076 390 2103 cussum
411 2069 501 2112 est,
524 2063 685 2104 Asculo
705 2063 823 2105 furor
842 2065 981 2106 omnis
1002 2065 1158 2120 erupit,
1181 2065 1227 2106 in
1243 2065 1337 2120 ipsa
1357 2065 1528 2120 quidem
1558 2065 1759 2106 ludorum

217 2131 456 2186 frequentia
475 2133 697 2175 trucidatis
718 2133 793 2188 qui
813 2142 918 2176 tunc
938 2137 1115 2177 aderant
1145 2137 1197 2177 ab
1228 2137 1331 2177 urbe
1360 2135 1528 2190 legatis.
1572 2134 1654 2175 hoc
1674 2133 1757 2175 fuit

215 2201 339 2255 impii
357 2202 460 2243 belli
481 2211 810 2244 sacramentum.
844 2205 944 2245 inde
964 2205 1052 2246 iam
1071 2206 1232 2260 passim
1252 2207 1305 2246 ab
1327 2205 1445 2246 omni
1464 2211 1584 2259 parte
1605 2204 1758 2246 Italiae

218 2272 326 2311 duce
346 2277 389 2311 et
409 2279 580 2313 auctore
598 2273 702 2314 belli
723 2273 988 2315 discursante
1011 2275 1245 2329 Pompedio
1275 2274 1444 2316 diuersa
1471 2289 1546 2329 per
1577 2275 1757 2330 populos

218 2348 260 2381 et
281 2341 405 2381 urbes
427 2341 550 2395 signa
570 2342 773 2384 cecinere.
807 2358 886 2385 nec
908 2344 1137 2388 Annibalis
1158 2359 1236 2386 nec
1258 2345 1413 2400 Pyrrhi
1434 2345 1517 2386 fuit
1538 2353 1660 2387 tanta
1683 2360 1756 2387 ua-

223 2503 237 2532 1
258 2506 411 2533 numu
429 2506 531 2535 Qvon
544 2508 734 2535 mvsasvs
756 2509 887 2536 soc1os
910 2511 1058 2538 ozsrvu
1084 2513 1151 2540 1381·
1173 2512 1204 2539 Ν
1221 2506 1232 2550 ΙΙ
1250 2506 1269 2538 3
1288 2504 1371 2540 illut
1385 2505 1446 2551 Nn
1463 2507 1483 2538 4
1501 2505 1570 2540 sibi
1586 2517 1642 2540 om
1658 2506 1717 2551 ΝΗ
1737 2509 1754 2538 7

217 2565 298 2589 cum
315 2553 408 2588 tusci
426 2553 592 2589 ciuitates
609 2566 698 2601 quas
713 2557 772 2602 Νη
790 2559 810 2591 8
828 2558 875 2593 ad
890 2570 999 2604 quam
1015 2571 1120 2606 speon
1142 2562 1201 2606 ΝΗ
1218 2564 1239 2596 9
1267 2562 1530 2598 dominationes
1555 2571 1581 2598 Β
1598 2563 1611 2608 fl
1635 2574 1757 2598 erexe-

217 2615 298 2644 rant
313 2618 339 2644 Β
356 2611 367 2656 ῃ
390 2613 429 2644 10
447 2620 649 2656 opressusB
666 2612 678 2658 Π
698 2614 735 2646 11
756 2617 793 2648 et
809 2613 846 2648 in
859 2616 1166 2662 expugnationem
1181 2618 1240 2664 Νη
1258 2619 1324 2654 hec
1338 2627 1373 2654 Ν
1386 2620 1398 2665 ΙΙ
1420 2621 1459 2654 13
1477 2623 1628 2654 matrem
1638 2631 1678 2654 ae
1695 2631 1756 2665 pa-

214 2671 351 2702 rentem
377 2678 478 2701 suam
493 2668 552 2713 ΝΙΙ
574 2669 824 2714 lupoppedius
839 2678 876 2711 B,
895 2672 1095 2718 poppedios
1109 2674 1169 2721 ΝΙΙ
1190 2676 1229 2709 17
1247 2675 1403 2710 afrienus
1425 2684 1468 2718 Β,
1495 2676 1664 2710 affranius
1680 2683 1712 2710 Ν
1728 2676 1739 2719 ΙΙ

217 2721 358 2784 Plotius
388 2723 522 2758 Tollius
535 2724 777 2769 sormitorum
793 2738 812 2760 c
828 2728 870 2760 22
883 2740 896 2760 .-
920 2732 1018 2763 totos
1033 2737 1071 2771 Β,
1089 2734 1190 2766 totus
1204 2739 1236 2766 Ν
1252 2731 1264 2778 fl
1282 2732 1462 2778 Egnatius
1479 2732 1653 2766 Etruscos
1670 2731 1755 2775 Lip-

215 2789 310 2812 moe:
334 2776 478 2815 senat&
495 2785 532 2814 et
548 2780 714 2815 consules
729 2789 789 2816 BN
801 2783 814 2828 Η
834 2785 874 2818 18
892 2783 1085 2820 eteleeinun
1099 2794 1125 2822 Β
1142 2786 1155 2832 ss
1171 2798 1291 2822 rerum
1307 2796 1332 2822 Β
1350 2788 1361 2833 ss
1383 2790 1423 2822 19
1447 2792 1489 2821 ut
1505 2787 1636 2821 uictrix
1661 2787 1757 2821 asiae

215 2844 440 2882 europaeque
461 2837 522 2882 11ss
539 2837 694 2872 confinio
710 2845 736 2872 Β
753 2837 765 2883 R
791 2840 834 2874 20
862 2851 961 2875 roma
983 2853 1041 2876 om
1054 2850 1092 2882 ,Β
1109 2843 1120 2888 fl
1138 2848 1321 2889 peteretur
1345 2843 1404 2887 ΝΗ
1431 2845 1469 2876 21
1499 2842 1614 2887 primo
1638 2850 1664 2876 Β
1681 2843 1693 2887 ΙΙ
1713 2845 1753 2877 24

216 2889 360 2924 aesculo
382 2891 442 2937 N}
459 2892 594 2939 eripuit
615 2902 640 2927 Β
657 2894 668 2939 ΙΙ
687 2896 730 2928 25
749 2899 826 2930 tum
841 2896 900 2941 ΝΙΙ
917 2896 988 2933 fuit
1004 2899 1148 2935 inbellis
1165 2905 1426 2934 sacramentum
1449 2907 1474 2933 Β
1492 2899 1504 2944 ἥ
1522 2901 1564 2933 27
1590 2900 1756 2945 pompeio

213 2946 770 2997 B,p0pp0d10nu28pyrri11n

1478 3020 1498 3052 6
1509 3012 1530 3033 3
