2002 3320
840 232 1102 262 rastrum.
1636 221 1754 258 XXV

196 335 310 389 quod
331 350 358 390 p
381 339 451 384 80,
474 338 498 375 2
529 331 751 387 aptissimo
770 332 864 374 loco
883 332 1089 387 leguntur
1103 327 1175 372 ‘ne
1186 330 1374 385 populus
1397 329 1586 386 qentium
1616 329 1752 372 uictor

194 404 386 460 orbisque
395 417 616 459 possessor
636 402 799 444 laribus
819 402 999 458 acfocis
1018 401 1108 443 suis
1127 395 1330 442 exulares
1342 432 1356 451 ,
1389 415 1498 455 quae
1520 407 1610 442 tam
1627 400 1750 441 breui

194 474 331 529 spatio
350 474 417 515 bis
444 473 548 528 poni
574 488 662 514 non
692 472 882 527 potuisse
902 472 990 513 iam
1017 471 1092 512 diu
1121 478 1392 526 perspectum
1421 478 1499 512 est.
1533 485 1619 525 qua
1637 469 1685 510 in
1703 484 1748 510 re

193 543 431 586 Graeuium
450 543 581 584 miror
601 542 692 596 qui,
715 557 815 584 cum
836 542 1071 584 Salmasius
1091 541 1325 583 rectissime
1352 540 1589 582 monuisset
1609 539 1748 595 priore

190 613 284 655 loco
304 628 354 654 ea
373 614 505 654 uerba
523 627 744 667 perperam
762 612 902 667 posita
934 627 1049 662 esse,
1080 611 1311 666 posteriore
1339 611 1484 666 potius
1512 609 1644 651 deleri
1671 624 1746 651 uo-

190 683 287 724 luit.
321 684 395 724 sed
414 698 540 724 nemo
570 683 803 737 explicauit
842 683 917 737 qui
945 683 1108 723 factum
1135 681 1192 723 sit
1221 688 1271 722 ut
1300 681 1406 722 haec
1426 681 1559 721 uerba
1578 686 1747 720 mutata

188 753 370 794 lectione
390 753 437 794 in
457 753 582 794 illum
602 754 743 794 locum
766 754 975 795 translata
995 752 1096 794 sint.
1143 766 1198 792 ex
1226 751 1287 792 eis
1317 765 1426 806 quae
1454 751 1506 792 de
1527 754 1568 792 X
1598 750 1743 805 dispu-

190 829 280 864 tata
300 830 401 864 sunt
423 830 614 878 apparet,
637 837 736 864 cum
755 822 802 863 in
822 838 872 865 eo
892 823 1098 878 scriptum
1117 821 1269 863 fuisset

245 908 298 934 ne
316 894 505 947 populus
531 893 719 948 yentium
747 893 884 935 uictor
910 893 1103 948 orbisque
1122 906 1342 947 possessor
1367 890 1529 933 laribus
1556 905 1608 932 ac
1622 890 1744 946 focis

467 963 556 1005 suis
576 963 768 1004 exularet

189 1033 450 1087 adscriptum
479 1047 571 1074 esse
597 1047 674 1086 pro
700 1032 821 1074 uaria
852 1032 1061 1083 lectione,
1086 1033 1263 1074 fortasse
1283 1031 1331 1072 in
1350 1030 1543 1086 margine
1563 1036 1638 1071 aut
1658 1030 1745 1071 ima

186 1102 346 1157 pagina

155 1214 160 1218 .
185 1226 187 1228 ι
243 1188 295 1214 ne
314 1174 502 1228 populus
527 1173 716 1229 yentium
737 1172 873 1215 uictor
901 1173 1094 1229 orbisque
1113 1186 1333 1228 possessor
1361 1171 1542 1214 extorris
1573 1170 1663 1212 aris
1692 1186 1743 1212 ae

452 1244 573 1300 focis
594 1250 738 1300 aqeret

185 1329 294 1369 quae
314 1307 470 1369 postea
482 1329 619 1356 errore
639 1314 917 1357 describentis
937 1315 1095 1356 falsum
1113 1315 1257 1356 locum
1284 1319 1562 1369 occuparunt.
1596 1312 1742 1367 itaque

186 1384 256 1426 hic
277 1400 445 1440 quoque
466 1386 573 1426 duas
594 1385 786 1441 eiusdem
819 1385 904 1426 loci
933 1384 1137 1427 lectiones
1168 1384 1345 1426 traditas
1366 1384 1575 1425 habemus
1588 1415 1601 1434 ‚
1640 1397 1742 1437 qua·

184 1470 281 1496 rum
302 1463 397 1496 utra
415 1470 518 1496 uera
538 1455 593 1496 sit
614 1470 770 1510 anceps
795 1454 1004 1496 iudicium
1025 1463 1103 1497 est.

184 1540 214 1580 p
242 1529 313 1575 91,
343 1531 390 1566 17
423 1525 470 1566 in
505 1525 649 1566 codice
675 1529 726 1568 N
754 1526 860 1566 haec
895 1525 1124 1580 leguntur,
1163 1539 1271 1579 quae
1301 1523 1540 1565 emendatis
1570 1522 1741 1563 leuibus

186 1595 444 1650 quibusdam
460 1595 626 1637 mendis
639 1592 950 1637 adscribam‘lzi
963 1596 1104 1650 copias
1124 1595 1215 1637 uiri
1233 1595 1308 1636 diu
1327 1600 1368 1636 et
1386 1593 1565 1648 ancipiti
1581 1607 1743 1648 semper

185 1666 276 1707 acie
295 1665 520 1716 attriuere,
544 1681 619 1707 nee
640 1672 779 1707 tamen
790 1666 919 1719 prius
941 1666 1046 1707 bello
1066 1681 1194 1721 quam
1214 1679 1386 1706 suorum
1406 1665 1559 1705 scelere
1579 1670 1619 1706 et
1638 1663 1741 1705 insi-

186 1735 270 1777 diis
290 1735 496 1778 extinctus
517 1742 592 1778 est.
625 1735 766 1790 copias
787 1735 876 1776 eius
887 1750 1026 1790 prope
1047 1741 1132 1777 tota
1152 1735 1352 1790 hispania
1371 1734 1589 1789 persecuti
1606 1733 1681 1774 diu
1702 1740 1743 1775 et

185 1805 368 1859 ancipiti
383 1820 546 1860 semper
565 1805 656 1847 acie
677 1801 984 1848 domuum-uni.
1018 1806 1233 1848 Graeuius
1255 1820 1355 1846 cum
1374 1805 1540 1846 uideret
1559 1805 1742 1846 eandem

186 1875 445 1917 sententiam
465 1876 625 1918 eisdem
644 1877 730 1917 fere
750 1876 892 1917 uerbis
912 1884 1162 1932 conceptam
1182 1891 1271 1918 non
1289 1876 1481 1931 potuisse
1503 1891 1528 1916 a
1548 1875 1674 1916 Floro
1694 1874 1741 1914 in

186 1952 308 1986 tanta
325 1946 538 1987 breuitate
558 1946 715 2001 repeti,
734 1948 867 1988 uerba
882 1943 976 1989 ‘diu
997 1953 1037 1989 et
1055 1947 1236 2002 ancipiti
1252 1961 1415 2000 semper
1434 1945 1525 1987 acie
1544 1947 1740 1987 domaue-

186 2011 301 2058 rant³
323 2023 367 2058 et
382 2012 543 2070 ‘copias
565 2011 667 2058 eius’
689 2017 822 2058 deleri
841 2017 981 2058 uoluit
1009 2024 1229 2072 tamquam
1258 2017 1661 2071 interpretamenta,
1699 2021 1741 2056 et

182 2101 290 2140 quae
309 2094 473 2128 restant
488 2082 634 2140 ‘prope
655 2093 740 2129 tota
748 2088 970 2142 Hispania
980 2083 1207 2141 perseeuti'
1229 2088 1547 2143 transponenda
1564 2093 1661 2141 post
1677 2082 1745 2127 ‘ln'

184 2156 327 2210 copias
347 2152 448 2198 uiri'
470 2157 651 2198 censuit.
685 2173 838 2199 uerum
857 2158 918 2199 ita
938 2158 1080 2200 locum
1100 2158 1270 2200 restitui
1289 2174 1378 2200 non
1397 2173 1521 2214 posse
1541 2159 1665 2198 docet
1684 2161 1738 2206 B,

181 2225 229 2266 in
249 2241 333 2281 quo
352 2227 459 2268 haec
479 2228 532 2268 ab
552 2227 679 2269 initio
698 2229 902 2283 leguntur
918 2225 986 2270 ‘ln’
1011 2229 1153 2282 copias
1183 2229 1454 2270 adtriuerant
1479 2227 1569 2269 uiri
1597 2226 1671 2268 diu
1701 2231 1743 2268 et

183 2296 364 2350 ancipiti
380 2311 542 2351 semper
561 2298 652 2339 acie
662 2304 904 2352 puqnatum
925 2294 1021 2347 est',·
1041 2313 1149 2353 quae
1171 2306 1409 2352 sequuntur
1428 2313 1516 2339 non
1537 2297 1740 2338 differunt

182 2366 235 2406 ab
256 2365 317 2406 eis
338 2381 447 2420 quae
466 2369 593 2409 modo
622 2382 677 2409 ex
704 2372 754 2408 N
769 2368 989 2422 adscripsi.
1023 2375 1198 2423 apparet
1226 2368 1313 2410 iam
1342 2369 1474 2410 uerba
1499 2356 1741 2423 puqnatum

181 2441 257 2486 est,
282 2451 390 2490 quae
410 2441 460 2478 N
474 2437 618 2478 omisit
637 2445 687 2478 ut
707 2438 851 2492 aliquo
870 2439 997 2479 modo
1018 2446 1277 2480 structuram
1297 2439 1496 2488 efficeret,
1519 2445 1739 2492 tamquam

180 2505 354 2547 maioris
376 2506 529 2548 ulceris
551 2507 733 2561 uestigia
755 2508 904 2549 relicta
924 2523 1041 2558 esse;
1083 2516 1127 2550 et
1157 2523 1211 2550 ex
1238 2509 1299 2551 eis
1330 2524 1439 2564 quae
1460 2510 1513 2550 de
1534 2508 1678 2550 codice
1698 2512 1739 2549 X

181 2575 296 2617 dicta
316 2583 418 2618 slmt
438 2576 594 2617 certius
615 2577 746 2618 etiam
765 2578 911 2633 colligi
930 2586 1071 2634 potest
1109 2593 1260 2620 uerum
1289 2579 1448 2621 uidisse
1479 2579 1734 2629 Graeuium,

180 2661 280 2687 cum
300 2654 471 2701 putaret
491 2648 624 2687 uerba
649 2643 745 2688 ‘diu
776 2653 817 2689 et
844 2648 974 2689 uaria
1001 2663 1166 2703 semper
1186 2644 1287 2690 acie'
1309 2664 1386 2704 pro
1406 2649 1528 2691 uaria
1553 2649 1738 2691 lectione

183 2716 397 2772 adscripta
416 2732 507 2759 esse
528 2717 614 2758 illis
639 2713 735 2758 ‘diu
767 2723 808 2759 et
836 2717 1017 2772 ancipiti
1039 2733 1203 2773 semper
1223 2715 1356 2768 acie';
1381 2721 1455 2761 sed
1475 2720 1630 2761 melius
1652 2719 1740 2759 iam

180 2794 508 2842 utrumcumque
529 2803 679 2829 uerum
701 2795 767 2829 est
797 2789 851 2829 ad
861 2794 1103 2844 puqnatam
1131 2796 1193 2832 est
1219 2790 1432 2845 pertinere
1452 2789 1735 2831 censebimus.

180 2862 274 2897 tum
292 2856 402 2899 illud
429 2873 597 2913 quoque
626 2866 740 2900 recte
768 2859 1009 2914 perspexit,
1041 2860 1183 2902 uerbis
1207 2856 1275 2902 ‘ki
1302 2860 1444 2915 copias
1470 2859 1743 2900 adtriuerant

179 2921 280 2967 uiri'
301 2928 450 2969 eodem
468 2930 595 2971 modo
616 2929 722 2972 olim
732 2929 947 2985 adscripta
956 2930 1088 2972 fuisse
1109 2946 1218 2986 quae
1229 2925 1632 2985 sequuntur‘eopias
1652 2928 1741 2970 eius
