2002 3320
772 245 968 275 ErrrouA
989 246 1023 282 1,
1047 241 1088 274 13
1113 232 1208 290 [18].
1625 222 1630 227 ’
1721 237 1773 276 23

188 346 219 387 I
243 354 411 400 tempus
440 345 679 400 elephantis
708 344 816 386 mari
843 352 956 386 terra
983 345 1087 386 uiris
1117 345 1236 400 equis
1258 346 1409 396 armis,
1433 347 1578 407 addito
1597 347 1773 402 insuper
1799 405 1806 414 Ι

240 416 423 457 ferarum
452 421 606 456 terrore
626 414 840 456 ueniebat.
875 422 979 470 aput
999 416 1256 457 Heracleam
1278 416 1538 471 Campaniae
1567 417 1770 459 fluuium-

240 499 322 540 que
342 483 476 526 Lirim
495 484 687 526 Laeuino
707 486 882 527 consule
912 485 1051 540 prima
1080 496 1251 540 pugna,
1283 500 1392 541 quae
1421 493 1511 527 tam
1541 494 1662 528 atrox
1690 488 1772 529 fuit

240 563 290 597 ut
310 555 575 596 Ferentanae
605 562 772 596 turmae
800 555 1038 609 praefectus
1068 555 1294 606 Obsidius,
1326 556 1524 598 inuectus
1543 557 1590 597 in
1610 571 1768 612 regem,

193 634 212 665 5
238 623 473 667 turbauerit
493 624 760 679 coegeritque
778 625 976 679 proiectis
1005 626 1246 680 insignibus
1265 626 1425 680 proelio
1454 628 1669 668 excedere.
1703 642 1770 669 ac-

238 702 333 736 tum
352 701 442 735 erat
456 702 471 743 ,’
492 693 577 735 nisi
597 694 842 748 elephanti,
865 710 1071 738 conuerso
1090 696 1137 737 in
1157 696 1450 750 spectaculum
1468 696 1598 747 bello,
1620 710 1769 751 procu-

237 764 483 814 currissent,
507 779 688 819 quorum
707 779 807 806 cum
835 765 1133 820 magnitudine
1162 773 1256 807 tum
1283 765 1552 807 deformitate
1581 774 1625 808 et
1656 782 1770 809 nouo

238 835 364 875 odore
394 834 524 875 simul
554 849 603 876 ac
633 835 812 876 stridore
839 835 1101 877 consternati
1129 835 1254 890 equi,
1291 850 1391 877 cum
1419 835 1659 891 incognitas
1687 837 1769 879 sibi

237 903 384 944 beluas
416 904 598 959 amplius
627 919 757 960 quam
786 912 908 947 erant
942 905 1281 960 suspicarentur,
1318 906 1477 960 fugam-
1501 913 1770 961 stragemque

169 981 214 1013 10
241 973 327 1014 late
346 974 570 1015 dederunt.
603 974 651 1015 in
677 974 1018 1029 Apulia-deinde
1048 982 1153 1030 aput
1180 976 1391 1017 Asculum
1420 975 1575 1017 melius
1596 976 1768 1018 dimica-

167 1330 208 1363 15

162 2030 206 2062 25

237 1051 330 1084 tum
351 1050 415 1084 est
436 1043 565 1085 Curio
586 1043 864 1098 Fabricioque
883 1045 1145 1086 consulibus.
1178 1045 1266 1086 iam
1294 1045 1452 1102 quippe
1471 1052 1605 1087 terror
1622 1047 1768 1087 belua-

236 1127 333 1154 rum
353 1113 596 1154 exoleuerat
607 1144 621 1163 ‚
659 1120 701 1154 et
731 1113 868 1156 Gaius
898 1114 1128 1157 Numicius
1155 1122 1331 1170 quartae
1361 1115 1541 1170 legionis
1574 1116 1768 1157 hastatus

235 1182 363 1224 unius
382 1182 630 1236 proboscide
651 1183 817 1224 abscisa
837 1184 946 1225 mori
963 1199 1088 1239 posse
1106 1184 1256 1240 beluas
1277 1186 1534 1226 ostenderat.
1558 1185 1702 1239 itaque
1722 1186 1767 1226 in
1821 1188 1824 1191 “

234 1252 348 1306 ipsas
367 1252 456 1306 pila
476 1260 679 1307 congesta
697 1259 814 1304 sunt,
838 1261 882 1295 et
901 1253 948 1295 in
968 1261 1103 1303 turres
1123 1254 1316 1296 uibratae
1335 1255 1448 1296 faces
1469 1261 1560 1296 tota
1579 1255 1768 1297 hostium

236 1322 409 1377 agmina
428 1323 675 1365 ardentibus
694 1323 830 1366 ruinis
851 1332 1131 1379 operuerunt,
1163 1339 1243 1366 nec
1271 1325 1389 1380 prius
1419 1325 1531 1367 cladi
1555 1325 1656 1367 finis
1685 1325 1767 1366 fuit

236 1407 366 1447 quam
385 1407 473 1435 nox
491 1393 707 1435 dirimeret
719 1425 733 1444 ‚
764 1401 1089 1449 postremusque
1109 1394 1370 1450 fugientium
1389 1410 1465 1437 rex
1484 1395 1576 1450 ipse
1596 1410 1622 1437 a
1642 1396 1766 1437 satel-

234 1463 381 1504 litibus
402 1477 548 1505 umero
568 1464 737 1505 saucius
758 1464 805 1504 in
826 1464 953 1505 armis
970 1464 1058 1506 suis
1074 1464 1312 1506 referretur.
1338 1465 1554 1507 Lucaniae
1570 1479 1767 1519 suprema

234 1546 382 1587 pugna
400 1533 480 1574 sub
499 1532 714 1583 Arusinis,
737 1548 843 1588 quos
861 1540 1035 1583 uocant,
1058 1534 1234 1588 campis,
1258 1534 1437 1577 (lucibus
1457 1535 1592 1577 isdem
1612 1535 1766 1590 quibus

235 1601 452 1656 superius3
471 1604 546 1643 sed
559 1609 655 1644 tum
669 1610 760 1644 tota
773 1603 968 1645 uictoria.
992 1604 1172 1654 exitum,
1195 1619 1322 1659 quem
1337 1606 1490 1647 datura
1508 1606 1646 1647 uirtus
1667 1605 1764 1656 fuit,

234 1686 356 1713 casus
377 1672 508 1713 dedit.
541 1687 643 1713 nam
662 1673 874 1727 prouectis
894 1673 941 1714 in
968 1673 1152 1728 primam
1181 1673 1315 1715 aciem
1342 1689 1488 1734 rursus
1509 1676 1764 1730 elephantis,

232 1756 371 1783 unum
390 1756 444 1783 ex
473 1742 532 1783 eis
562 1743 732 1797 pullum
761 1743 901 1785 adacti
929 1743 976 1784 in
1006 1751 1134 1798 caput
1162 1744 1240 1785 teli
1267 1744 1411 1799 grauis
1441 1745 1552 1787 ictus
1584 1746 1739 1787 auertit
1751 1763 1762 1796 ;

235 1811 310 1866 qui
329 1827 430 1853 cum
448 1826 525 1866 per
544 1819 730 1867 stragem
750 1829 927 1855 suorum
946 1828 1167 1856 recurrens
1188 1814 1366 1856 stridore
1386 1823 1655 1870 quereretur,
1678 1830 1766 1857 ma-

234 1888 298 1922 ter
317 1882 494 1935 agnouit
514 1889 557 1923 et
577 1883 698 1936 quasi
726 1883 967 1925 uindicaret
995 1883 1173 1935 exiluit,
1205 1892 1299 1926 tum
1327 1886 1472 1927 omnia
1500 1886 1612 1928 circa
1644 1886 1766 1941 quasi

232 1951 406 1992 hostilia
423 1951 545 2006 graui
564 1952 676 1993 mole
704 1953 964 2007 permiscuit.
1004 1968 1052 1995 ac
1083 1953 1144 1996 sic
1174 1956 1347 1996 eaedem
1375 1956 1512 2006 ferae,
1550 1971 1660 2011 quae
1679 1956 1763 2010 pri·
1832 1953 1837 1956 ”

232 2036 349 2063 mam
367 2021 591 2064 uictoriam
610 2023 897 2074 abstulenmt,
919 2025 1151 2066 secundam
1176 2039 1322 2079 parem
1350 2026 1569 2077 fecerunt,
1599 2026 1767 2068 tertiam

231 2092 324 2134 sine
363 2093 657 2134 controuersia
695 2093 977 2135 tradiderunt.
1028 2109 1109 2135 nec
1144 2108 1247 2136 uero
1286 2102 1457 2137 tantum
1492 2097 1619 2138 armis
1650 2103 1693 2137 et
1720 2096 1766 2137 in

232 2177 406 2217 campo,
442 2170 507 2204 set
536 2163 725 2205 consiliis
753 2178 920 2218 quoque
955 2171 998 2206 et
1033 2164 1150 2206 domi
1183 2179 1282 2206 cum
1314 2180 1414 2220 rege
1448 2167 1612 2221 Pyrrho
1643 2165 1765 2207 dimi-

236 2321 255 2353 2
272 2320 444 2355 eracleam
458 2321 530 2367 ΒΙΙῙ
548 2326 585 2356 et
601 2321 805 2367 campaniae
821 2321 974 2356 fluuium
989 2320 1084 2355 lirim
1099 2328 1132 2354 N
1146 2320 1158 2365 ΙΙ
1176 2322 1195 2354 3
1214 2320 1308 2355 lirim
1326 2321 1398 2355 bN:
1416 2321 1520 2367 lyrim
1528 2330 1565 2363 Β,
1585 2322 1686 2356 lirem
1704 2329 1721 2355 l
1739 2323 1749 2367 Η

232 2378 252 2409 4
271 2376 496 2410 ferentaneae
511 2384 557 2418 B,
589 2377 818 2412 forentaneae
835 2386 874 2420 Ι,
893 2378 1136 2412 ferrentaneae
1160 2385 1194 2410 N
1215 2377 1226 2422 ΙΙ
1251 2377 1405 2411 ossidius
1421 2386 1465 2419 Β,
1492 2378 1653 2423 opsidius
1670 2387 1702 2412 N
1717 2379 1727 2423 ξι
1747 2382 1766 2412 5

237 2432 371 2466 facturn
386 2440 420 2467 N
434 2433 444 2478 ΙΙ
462 2435 483 2467 6
500 2433 663 2467 conuersi
678 2442 711 2468 N
725 2434 737 2480 ΙΙ
754 2434 841 2468 belli
859 2442 892 2468 N
913 2434 924 2479 ΙΙ
951 2432 1212 2479 procurrissent
1226 2441 1247 2467 ι
1261 2433 1272 2479 ΙΙ
1291 2434 1310 2467 8
1329 2433 1436 2468 simul
1452 2433 1518 2467 hac
1534 2441 1559 2468 B
1577 2434 1588 2479 ΙΙ
1606 2434 1669 2479 qui
1686 2445 1767 2468 cum

229 2496 262 2523 N
277 2488 288 2533 ΙΙ
306 2490 327 2522 9
341 2487 479 2523 belluas
497 2489 518 2523 b
535 2489 546 2534 ΙΙ
568 2491 607 2524 13
624 2490 760 2535 primus
796 2490 1000 2525 Ouwemius
1026 2493 1122 2525 nocte
1146 2490 1235 2535 Haq
1253 2502 1283 2535 p
1308 2491 1373 2524 314
1401 2489 1413 2535 u
1439 2486 1663 2535 prombscide
1688 2489 1765 2531 1⁶N,

233 2544 459 2589 promuscide
473 2553 499 2579 B
514 2557 537 2579 a
554 2547 573 2579 2
591 2557 699 2581 manu
717 2546 728 2592 ΙΙ
755 2546 988 2581 hostenderat
1002 2555 1028 2581 B
1045 2547 1056 2592 11
1078 2548 1116 2580 13
1135 2546 1258 2592 itaque
1274 2550 1312 2580 et
1327 2546 1364 2580 in
1378 2554 1413 2580 N
1427 2546 1438 2592 ΙΙ
1460 2548 1500 2580 15
1521 2546 1722 2593 hagminaB
1740 2547 1751 2592 ΙΙ

231 2599 330 2645 prius
355 2600 634 2635 Mommsenius:
668 2602 760 2637 alius
785 2609 862 2637 BNI
885 2602 898 2647 ΙΙ
923 2602 1022 2648 gladi
1053 2603 1112 2648 Nu
1134 2604 1174 2637 16
1191 2602 1268 2648 ipse
1283 2613 1347 2637 rex
1362 2610 1396 2637 N
1416 2602 1428 2649 ΙΙ
1457 2605 1496 2637 17
1523 2603 1672 2638 humero
1695 2611 1721 2638 B
1739 2604 1750 2648 ΙΙ

231 2667 372 2690 umeros
388 2657 518 2702 angius
534 2658 591 2692 sin
607 2658 713 2693 armis
737 2665 770 2693 N
784 2658 796 2704 ΙΙ
817 2660 857 2692 18
875 2658 1096 2705 sybarusinis
1109 2667 1148 2702 Β,
1167 2659 1235 2694 sub
1252 2658 1358 2693 haros
1374 2658 1412 2693 in
1428 2659 1515 2694 hist
1530 2660 1541 2705 ll
1560 2671 1683 2706 pugna
1699 2659 1768 2694 fuit

234 2712 400 2747 Arusinis
422 2714 677 2749 Mommsenim
695 2714 707 2760 ΙΙ
724 2714 864 2750 hisdem
879 2723 925 2750 ΒΙ
939 2714 951 2760 ss
973 2716 1014 2749 19
1030 2719 1159 2750 tuncN
1172 2715 1184 2761 ΙΙ
1201 2717 1246 2750 20
1262 2715 1490 2762 productisN
1505 2715 1516 2760 ΙΙ
1534 2727 1638 2750 rusus
1657 2715 1676 2748 b
1693 2716 1705 2761 Ι]
1724 2718 1760 2749 21

235 2766 291 2801 his
306 2776 357 2802 IN
377 2769 390 2814 κ
415 2772 456 2805 22
474 2782 684 2816 percurrens
699 2779 733 2806 N
756 2770 768 2816 η
794 2773 835 2806 24
854 2771 1000 2806 hostilia
1017 2772 1111 2807 circa
1125 2783 1223 2807 more
1240 2771 1448 2818 permiscuit
1463 2780 1496 2806 N
1518 2772 1530 2816 ΙΙ
1554 2771 1676 2806 eedem
1693 2771 1766 2805 fere

237 2822 287 2864 ΖΡ,
306 2824 431 2859 aedem
445 2826 541 2861 ferae
557 2826 638 2869 31¹¹,
658 2827 783 2862 eadem
800 2827 875 2862 fere
889 2835 923 2863 N
937 2828 948 2875 fl
973 2830 1017 2862 25
1034 2828 1258 2864 abstulerant
1272 2829 1341 2863 NIP
1359 2830 1371 2873 u
1390 2831 1434 2863 26
1450 2828 1560 2863 tantis
1576 2835 1602 2861 Β
1618 2828 1629 2872 ΙΙ
1648 2838 1712 2861 nec
1730 2826 1766 2860 in

236 2886 260 2912 B
277 2879 290 2924 ΙΙ
307 2882 348 2914 27
368 2892 511 2928 campos
525 2883 574 2926 1⁶,
595 2884 729 2931 campis
737 2884 810 2919 IPN
824 2884 835 2930 ΙΙ
854 2884 1012 2920 consiliis
1028 2889 1065 2920 et
1082 2885 1179 2920 domi
1196 2893 1369 2931 quoque!
1384 2884 1395 2930 ΙΙ
1413 2883 1510 2919 domi
1527 2894 1608 2918 cum
1618 2882 1765 2927 scripsi:

238 2935 336 2969 domi
350 2935 445 2971 intra
461 2939 584 2974 urbem
601 2952 682 2976 cum
698 2949 773 2975 BNI
788 2941 800 2985 l?
