2002 3320
266 221 344 260 100
723 268 727 273 ,
908 232 1001 261 ΝΜ
1023 232 1152 260 From

261 331 431 387 peium,
467 330 503 371 si
532 331 679 370 eadem
709 329 852 382 ipsum
881 344 989 383 quae
1017 330 1250 371 exercitum
1271 330 1362 371 eius
1382 331 1554 372 fortuna
1574 330 1786 372 traxisset.

264 408 475 455 superstes
511 398 732 452 dignitatis
768 413 870 439 suae
904 399 1041 449 uixit,
1078 407 1128 440 ut
1162 414 1260 440 cum
1294 400 1451 440 maiore
1485 402 1685 442 dedecore
1719 415 1795 455 per

264 468 511 510 Thessalica
531 469 691 521 Tempe
712 481 821 521 equo
841 468 1031 522 fugeret,
1061 475 1110 509 ut
1131 483 1219 510 una
1242 469 1446 510 nauicula
1466 471 1635 511 Lesbon
1655 470 1789 524 appli-

263 545 443 587 caretur,
468 544 519 577 ut
541 537 711 591 Syedris
731 537 777 577 in
799 539 963 578 deserto
985 536 1160 578 Ciliciae
1181 538 1356 591 scopulo
1375 539 1522 592 fugam
1540 539 1587 580 in
1608 540 1792 580 Parthos

263 608 453 649 Africam
473 608 544 647 uel
560 608 787 661 Aegypton
808 606 1004 660 agitaret,
1027 612 1077 646 ut
1097 606 1279 660 denique
1302 607 1474 648 Pelusio
1493 608 1633 658 litore,
1655 609 1787 662 impe-

262 678 325 718 rio
346 677 546 718 uilissimi
566 676 694 731 regis,
718 675 906 717 consiliis
929 676 1167 729 spadonum
1187 683 1244 725 et,
1267 691 1321 716 ne
1342 676 1447 730 quid
1465 677 1588 718 malis
1609 679 1790 726 deesset,

264 746 462 800 Septimii
483 746 706 787 desertoris
729 746 796 786 sui
818 745 960 799 gladio
989 744 1226 789 trucidatus
1248 745 1326 786 sub
1355 745 1489 787 oculis
1519 746 1663 787 uxoris
1693 761 1794 787 suae

261 817 574 869 liberorumque
594 822 842 856 moreretur.

379 885 487 929 Quis
518 900 605 925 non
635 892 856 939 peractum
885 898 976 925 esse
1012 899 1110 925 cum
1145 884 1351 938 Pompeio
1386 885 1599 925 crederet?
1645 885 1795 939 atquin

264 955 400 996 acrius
421 955 559 995 multo
580 961 707 1008 atque
728 954 1027 995 uehementius
1058 953 1293 994 Thessalici
1321 953 1509 994 incendii
1539 954 1700 995 cineres
1729 968 1790 995 re-

264 1025 503 1065 caluerunt.
537 1031 580 1064 et
606 1024 653 1064 in
672 1025 869 1078 Aegypto
890 1024 1063 1078 quidem
1084 1024 1288 1064 aduersus
1310 1024 1535 1064 Caesarem
1555 1023 1646 1064 sine
1665 1024 1795 1077 parti-

262 1096 343 1135 bus
363 1095 539 1135 bellum.
565 1094 721 1147 quippe
742 1108 841 1134 cum
857 1094 1146 1141 Ptolemaeus,
1170 1106 1244 1132 rex
1259 1092 1560 1142 Alexandriae,
1583 1107 1797 1133 summum

266 1164 406 1205 ciuilis
436 1163 540 1204 belli
570 1163 706 1204 scelus
738 1162 970 1217 peregisset
1001 1170 1043 1202 et
1063 1162 1212 1202 foedus
1246 1161 1458 1202 amicitiae
1488 1175 1587 1201 cum
1617 1162 1797 1202 Caesare

266 1233 406 1274 medio
423 1232 602 1287 Pompei
618 1232 754 1286 capite
776 1232 1012 1281 sanxisset,¹
1024 1231 1233 1272 ultionem
1253 1230 1477 1271 clarissimi
1497 1231 1580 1272 uiri
1599 1230 1796 1271 manibus

269 1309 499 1356 quaerente
521 1304 711 1343 Fortuna
731 1316 860 1342 causa
879 1315 967 1341 non
996 1300 1146 1340 defuit.
1180 1300 1406 1353 Cleopatra.
1434 1299 1545 1352 regis
1567 1314 1706 1348 soror,
1730 1300 1802 1340 ad-

266 1372 362 1412 fusa
382 1371 573 1412 Caesaris
602 1371 782 1425 genibus
811 1377 976 1425 partem
1004 1369 1126 1422 regni
1153 1368 1411 1421 reposcebat.
1460 1368 1605 1408 aderat
1631 1368 1800 1423 puellae

224 1429 228 1431 Δ
268 1442 425 1490 forma,
457 1447 500 1480 et
521 1455 628 1493 quae
650 1440 941 1494 duplicaretur
961 1453 1014 1479 ex
1034 1438 1133 1487 illo,
1166 1434 1280 1491 quod
1309 1437 1406 1478 talis
1426 1452 1552 1492 passa
1571 1437 1798 1478 uidebatur

269 1509 495 1559 iniuriam,
526 1509 673 1550 odium
702 1509 838 1563 ipsius
858 1508 993 1562 regis,
1025 1507 1100 1561 qui
1121 1506 1300 1561 Pompei
1319 1521 1467 1548 necem
1486 1506 1675 1561 partium
1694 1506 1797 1555 fato,

269 1595 357 1621 non
368 1579 540 1621 Caesari
562 1580 751 1628 dederat,
775 1579 893 1619 haud
909 1577 1037 1618 dubie
1060 1577 1175 1617 idem
1192 1576 1239 1616 in
1258 1576 1402 1630 ipsum
1422 1591 1620 1625 ausurus,
1643 1576 1679 1617 si
1698 1575 1802 1616 fuis-

271 1656 335 1691 set
351 1648 529 1690 occasio.
555 1663 683 1702 quam
715 1647 788 1688 ubi
806 1649 961 1689 Caesar
979 1645 1149 1686 restitui
1163 1645 1289 1687 iussit
1309 1645 1355 1686 in
1370 1660 1566 1699 regnum,
1591 1645 1736 1686 statim
1748 1645 1801 1685 ab

271 1719 407 1759 isdem
425 1717 744 1772 percussoribus
766 1715 945 1771 Pompei
975 1717 1170 1756 obsessus
1198 1715 1245 1755 in
1274 1715 1392 1769 regia
1417 1714 1615 1768 quamuis
1647 1714 1804 1768 exigua

272 1802 405 1828 manu
424 1787 611 1841 ingentis
632 1787 841 1827 exercitus
861 1786 1018 1827 molem
1047 1784 1156 1824 mira
1184 1784 1347 1825 uirtute
1377 1783 1596 1825 sustinuit.
1640 1798 1688 1824 ac
1717 1782 1802 1837 pri-

273 1871 394 1897 mum
414 1856 704 1910 proximorum
731 1855 1020 1897 aedificiorum
1048 1861 1174 1908 atque
1201 1853 1424 1894 naualium
1451 1852 1649 1894 incendio
1675 1852 1803 1893 infes-

276 1934 418 1968 torum
447 1926 636 1967 hostium
665 1926 751 1966 tela
786 1923 1044 1972 summouit,
1082 1937 1184 1964 mox
1203 1922 1250 1963 in
1269 1937 1404 1976 paene
1424 1922 1612 1963 insulam
1632 1922 1804 1964 Pharon

278 1996 445 2037 subitus
467 1995 604 2036 euasit
615 2011 626 2043 3
660 1994 760 2034 inde
782 1993 984 2047 depulsus
1004 1992 1051 2032 in
1070 1992 1204 2032 maria
1230 1992 1338 2032 mira
1365 1992 1568 2032 felicitate
1590 1993 1644 2032 ad
1662 1990 1802 2044 proxi—

278 2080 393 2106 mam
412 2066 590 2105 classem
610 2062 824 2111 enatauit,
856 2061 1003 2102 relicto
1025 2060 1196 2113 quidem
1214 2060 1260 2099 in
1281 2060 1481 2100 fluctibus
1501 2060 1805 2113 paludamento

281 2150 356 2176 seu
375 2135 463 2175 fato
485 2148 559 2174 seu
580 2132 781 2181 consilio,
811 2137 862 2171 ut
888 2130 998 2170 illud
1025 2128 1323 2183 ingruentibus
1344 2128 1533 2169 hostium
1553 2128 1650 2169 telis
1671 2128 1802 2169 saxis-

281 2219 361 2258 que
390 2210 617 2258 peteretur.
665 2208 770 2242 tunc
796 2205 989 2252 receptus
1025 2213 1049 2238 a
1083 2197 1268 2238 classicis
1303 2197 1418 2246 suis,
1456 2197 1644 2250 undique
1678 2197 1805 2238 simul

282 2275 424 2314 hostes
446 2274 616 2314 adortus
638 2272 689 2312 de
710 2269 859 2311 inbelli
880 2283 928 2309 ac
947 2268 1108 2322 perfida
1134 2274 1261 2321 gente
1290 2267 1403 2308 iusta
1433 2266 1579 2320 generi
1607 2266 1805 2307 manibus

286 2453 305 2483 2
324 2455 365 2484 ut
381 2462 436 2483 om
460 2458 493 2484 N
507 2450 519 2495 ΙΙ
547 2452 566 2483 3
591 2449 830 2495 applicaretur
853 2452 894 2482 ut
918 2447 1109 2482 Halmius:
1142 2446 1406 2492 applicarentur
1430 2448 1467 2479 et
1490 2453 1536 2486 Β,
1572 2443 1809 2489 applicaretur

285 2512 317 2538 N
332 2505 342 2550 ΙΙ
362 2507 380 2537 4
400 2505 543 2549 Syedris
562 2505 758 2539 Salmasius
772 2517 783 2537 .·
808 2504 927 2538 hedris
943 2513 987 2546 Β,
1016 2503 1140 2548 pulsus
1158 2502 1277 2536 hedris
1293 2509 1325 2535 N
1340 2501 1350 2546 ΙΙ
1370 2503 1389 2534 5
1407 2504 1600 2546 aegyptum
1622 2507 1647 2533 Β
1664 2499 1675 2544 ΙΙ
1693 2499 1730 2532 in
1747 2510 1807 2544 pe-

285 2560 379 2594 lusio
391 2568 424 2594 N
439 2560 449 2604 ΙΙ
468 2563 487 2594 ss
507 2560 646 2594 deesset
661 2559 851 2593 Halmius:
877 2559 970 2593 desit
985 2567 1043 2593 BN
1057 2560 1068 2604 ll
1086 2561 1107 2592 9
1133 2557 1292 2592 erederet
1306 2557 1441 2591 bellum
1456 2564 1490 2591 N
1503 2557 1515 2602 ΙΙ
1532 2554 1666 2600 adquin
1688 2560 1721 2586 N
1735 2553 1746 2597 ΙΙ
1768 2555 1807 2587 12

286 2615 487 2660 ptolomeus
508 2622 533 2648 B
551 2614 562 2658 l}
585 2617 623 2648 13
642 2615 837 2659 peregisset
853 2615 1050 2660 foedusque
1073 2622 1106 2647 N
1120 2614 1132 2660 ΙΙ
1154 2615 1192 2647 14
1211 2613 1386 2647 ultionem
1404 2623 1493 2657 quae
1508 2610 1672 2645 manibus
1689 2607 1809 2642 claris-

288 2670 368 2705 simi
394 2670 464 2704 uiri
489 2669 655 2704 omnibus
681 2675 871 2714 quaerente
895 2671 1060 2704 fortunae
1082 2678 1107 2704 Β
1125 2670 1136 2715 ss
1158 2671 1196 2703 17
1222 2669 1354 2703 formae
1378 2668 1432 2713 ΒΗ
1452 2669 1493 2701 18
1517 2664 1663 2710 Pompei
1687 2674 1811 2698 necem

287 2725 434 2770 sampsi.-
458 2725 663 2772 pompeium
679 2735 799 2769 regem
815 2733 858 2767 B,
887 2726 1051 2771 pompeio
1068 2725 1192 2760 aedem
1214 2732 1247 2758 N
1262 2724 1272 2769 ΙΙ
1294 2725 1334 2757 19
1361 2723 1455 2758 idem
1478 2733 1533 2756 om
1558 2729 1583 2754 Β
1601 2721 1611 2766 ΙΙ
1629 2719 1660 2753 si
1684 2719 1813 2753 fuisset

289 2781 428 2815 occasio
444 2780 698 2815 Mommseniue
710 2793 721 2814 .·
746 2780 775 2814 si
792 2780 922 2813 ruisset
938 2781 1103 2814 hoccasio
1119 2789 1144 2815 Β
1155 2806 1163 2821 ,
1193 2779 1222 2813 si
1239 2779 1441 2824 expedisset
1454 2785 1488 2812 N
1501 2777 1512 2822 ΙΙ
1531 2778 1569 2810 21
1590 2774 1728 2809 hisdem
1743 2783 1769 2809 Β
1796 2775 1807 2820 ΙΙ

290 2837 478 2883 quamquis
493 2845 526 2871 N
541 2837 551 2882 ΙΙ
570 2836 693 2882 exigui
711 2836 730 2869 b
748 2836 759 2881 ΙΙ
779 2837 820 2869 22
837 2835 902 2868 hac
927 2843 953 2869 Β
971 2836 981 2880 Η
999 2838 1042 2869 23
1060 2841 1167 2880 atque
1185 2835 1367 2869 naualium
1384 2846 1439 2868 om
1454 2841 1480 2868 Β
1497 2832 1507 2878 ΙΙ
1526 2835 1568 2866 24
1585 2830 1811 2876 peninsulam

291 2902 313 2927 Β
331 2894 341 2938 l!
360 2894 459 2927 faron
477 2900 509 2926 N
524 2892 534 2937 Η
553 2895 593 2926 27
614 2897 654 2926 ut
669 2904 723 2925 om
739 2899 764 2926 B
782 2891 793 2935 Η
811 2891 1056 2924 incruentibus
1072 2899 1096 2925 Β
1115 2891 1124 2934 ΙΙ
1145 2893 1184 2923 27
1204 2891 1298 2924 facto
1317 2890 1335 2922 b
1353 2889 1364 2933 ss
1383 2891 1424 2922 28
1442 2894 1518 2922 tum
1535 2895 1567 2921 N
1582 2888 1592 2932 η
1611 2889 1653 2921 29
1671 2887 1737 2921 hac
1752 2893 1777 2920 Β
1795 2885 1806 2930 ΙΙ

1819 616 1839 647 5

1823 963 1866 994 10

1830 1307 1872 1339 15

1827 1652 1872 1684 20

1831 1997 1874 2030 25
