2002 3320
274 235 328 275 42
921 245 1015 274 1vm
1037 244 1166 274 nom

276 347 460 400 quodam
481 344 603 397 quasi
624 350 745 385 aestu
761 351 803 384 et
819 350 1004 385 torrente
1024 345 1235 393 fortunae,
1259 345 1333 384 sed
1353 343 1480 398 primi
1501 342 1694 383 omnium
1713 343 1806 383 Ma—

276 417 454 456 cedones
467 446 479 463 ,
512 413 744 454 adfectator
763 415 978 467 quondam
997 413 1164 467 imperii
1192 413 1389 467 populus.
1439 413 1582 466 itaque
1610 411 1808 466 quamuis

277 493 371 526 tum
391 483 619 537 Philippus
640 497 771 536 regno
787 483 1070 536 praesideret,
1108 482 1295 523 Romani
1324 488 1467 523 tamen
1497 481 1699 522 dimicare
1728 480 1810 522 sibi

278 569 376 595 cum
395 568 493 607 rege
513 553 758 593 Alexandro
788 551 1060 592 uidebantur.
1095 550 1420 598 Macedonicum
1445 552 1608 593 bellum
1636 550 1808 592 nomine

280 623 464 678 amplius
499 637 628 676 quam
663 621 923 677 spectatione
958 620 1099 675 gentis
1133 621 1231 662 fuit.
1265 635 1392 662 causa
1420 621 1558 675 coepit
1587 635 1613 662 a
1642 621 1809 662 foedere
1836 628 1856 660 5

282 693 501 747 Philippi,
525 707 607 746 quo
628 707 703 733 rex
722 692 808 732 iam
828 690 994 745 pridem
1025 690 1316 731 dominantem
1338 690 1383 730 in
1405 691 1533 731 Italia
1551 690 1811 731 Annibalem

282 763 364 804 sibi
384 762 548 804 socium
566 761 791 811 iunxerat,
822 768 970 814 postea
990 760 1124 801 creuit
1144 759 1458 814 inplorantibus
1479 759 1660 801 Athenis
1691 758 1810 800 auxi-

282 833 390 873 lium
411 839 558 876 contra
577 830 688 884 regis
709 830 904 879 iniurias,
929 844 1027 872 cum
1047 830 1120 870 ille
1142 830 1256 870 ultra
1276 829 1343 870 ius
1364 829 1568 870 uictoriae
1588 829 1631 869 in
1655 829 1812 882 templa

283 910 326 943 et
355 916 446 942 aras
477 908 520 942 et
549 900 740 954 sepulcra
769 900 863 954 ipsa
892 899 1088 940 saeuiret.
1136 899 1299 953 placuit
1330 898 1498 940 senatui
1530 913 1654 953 opem
1682 897 1813 939 tantis

283 972 389 1013 ferre
410 970 689 1025 supplicibus.
724 970 881 1024 quippe
901 969 987 1010 iam
1006 969 1201 1023 gentium
1220 983 1340 1023 reges
1362 970 1490 1009 duces
1509 967 1658 1022 populi
1677 966 1813 1007 natio·
1843 973 1885 1007 10

283 1056 358 1082 nes
378 1041 590 1096 praesidia
610 1040 691 1082 sibi
711 1041 763 1081 ab
784 1040 864 1080 hac
885 1040 989 1080 urbe
1009 1039 1271 1093 repetebant.
1305 1035 1517 1092 ”primum
1546 1037 1678 1091 igitur
1707 1038 1813 1078 Lae·
1842 1036 1875 1076 I

285 1112 388 1152 uino
418 1111 591 1152 consule
620 1111 805 1164 populus
842 1111 1063 1150 Romanus
1100 1108 1273 1148 Ionium
1306 1122 1422 1148 mare
1451 1106 1693 1160 ingressus,
1727 1112 1817 1146 tota

286 1181 491 1223 Graeciae
529 1180 656 1221 litora
690 1179 828 1220 ueluti
869 1178 1153 1232 triumphanti
1196 1178 1330 1218 classe
1375 1176 1633 1230 peragrauit.
1682 1174 1818 1229 spolia

286 1251 443 1305 quippe
465 1249 634 1291 Siciliae
657 1248 879 1290 Sardiniae
900 1247 1139 1301 Hispaniae
1158 1246 1327 1287 Africae
1347 1246 1635 1300 praeferebat,
1667 1251 1710 1285 et
1729 1254 1817 1285 ma-

286 1321 487 1362 nifestam
506 1318 730 1360 uictoriam
749 1325 850 1359 nata
869 1317 916 1358 in
942 1317 1153 1370 praetoria
1180 1316 1315 1370 puppi
1342 1316 1490 1356 laurus
1519 1314 1813 1368 pollicebatur.
1849 1321 1889 1353 15

287 1391 433 1431 aderat
455 1395 605 1443 sponte
626 1388 673 1428 in
693 1387 903 1428 auxilium
922 1387 1096 1427 Attalus
1123 1400 1200 1426 rex
1229 1387 1614 1439 Pergamenorum,
1645 1385 1821 1425 aderant

287 1459 448 1501 Rhodii
461 1490 474 1508 ,
504 1458 704 1499 nauticus
723 1458 934 1511 populus,
968 1455 1042 1509 qui
1061 1455 1245 1496 nauibus
1267 1469 1293 1495 a
1311 1454 1445 1504 mari,
1475 1454 1625 1496 consul
1655 1452 1820 1501 aterris

288 1528 432 1570 omnia
451 1527 571 1582 equis
591 1527 780 1582 uirisque
801 1525 1035 1580 quatiebat.
1066 1524 1133 1571 bis
1154 1524 1295 1565 uictus
1308 1556 1322 1574 ,
1342 1524 1409 1565 bis
1429 1524 1602 1578 fugatus
1621 1538 1698 1564 rex
1710 1554 1724 1573 ‚
1753 1522 1820 1564 bis

288 1605 445 1640 exutus
466 1597 631 1647 castris,
655 1611 753 1638 cum
773 1602 917 1637 tamen
932 1594 1044 1636 nihil
1060 1594 1290 1635 terribilius
1307 1594 1615 1636 Macedonibus
1630 1592 1715 1634 fuit
1729 1592 1822 1647 ipso

288 1668 513 1710 uolnerum
534 1673 731 1721 aspectu,
755 1680 863 1719 quae
883 1680 972 1706 non
993 1664 1168 1719 spiculis
1189 1679 1268 1705 nec
1289 1664 1456 1718 sagittis
1476 1678 1555 1704 nec
1576 1663 1666 1704 ullo
1687 1663 1819 1704 Grae·
1848 1669 1892 1702 20

289 1738 385 1779 culo
405 1738 531 1787 ferro,
555 1737 631 1778 sed
649 1735 896 1790 ingentibus
912 1734 1011 1789 pilis
1027 1749 1106 1775 nec
1121 1734 1358 1775 minoribus
1375 1734 1527 1774 adacta
1540 1732 1694 1787 gladiis
1710 1732 1824 1773 ultra

288 1813 468 1848 mortem
476 1807 695 1861 patebant.
715 1805 933 1846 enimuero
943 1803 1185 1846 Flaminino
1195 1805 1302 1844 duce
1311 1803 1452 1844 inuios
1465 1809 1591 1844 antea
1599 1802 1826 1844 Chaonum

288 1884 454 1919 montes
474 1877 699 1929 Aoumque
727 1889 896 1916 amnem
922 1888 998 1928 per
1027 1875 1208 1927 abrupta
1234 1874 1464 1914 uadentem
1493 1879 1535 1912 et
1564 1871 1657 1926 ipsa
1683 1872 1824 1912 Mace-

289 1946 441 1987 doniae
462 1946 648 1987 claustra
666 1943 1003 1999 penetrauimus.
1023 1941 1220 1984 introisse
1240 1942 1421 1984 uictoria
1440 1941 1538 1982 fuit.
1557 1955 1658 1982 nam
1677 1947 1826 1995 postea

289 2030 526 2069 numquam
546 2029 674 2055 ausus
696 2013 897 2067 congredi
926 2027 1002 2052 rex
1031 2013 1086 2052 ad
1112 2012 1302 2053 tumulos
1316 2043 1328 2060 ‚
1367 2026 1471 2064 quos
1502 2010 1823 2068 Cynocephalas
1853 2016 1896 2049 25

292 2091 471 2134 uocant,
494 2098 582 2124 uno
603 2084 651 2124 ac
671 2097 726 2123 ne
746 2083 827 2123 hoc
849 2081 1021 2135 quidem
1041 2080 1154 2121 iusto
1174 2080 1334 2134 proelio
1368 2076 1664 2134 opprimitur.u
1699 2085 1742 2120 et
1760 2078 1894 2133 illi[1]

292 2155 464 2209 quidem
483 2153 634 2194 consul
653 2166 802 2206 pacem
823 2151 939 2192 dedit
959 2164 1223 2204 regnumque
1245 2149 1478 2198 concessit,
1499 2163 1625 2198 mOX,
1647 2163 1703 2188 ne
1724 2147 1827 2202 quid

293 2231 403 2283 esset
422 2223 594 2272 hostile,
618 2222 787 2262 Thebas
809 2227 851 2261 et
871 2221 1091 2260 Euboeam
1112 2227 1154 2259 et
1173 2225 1438 2273 grassantem
1466 2219 1544 2258 sub
1565 2217 1736 2259 Nabide
1764 2224 1827 2271 ty-

294 2309 428 2338 ranno
450 2308 526 2335 suo
548 2293 870 2349 Lacedaemona
890 2288 1150 2344 conpescuit.
1182 2288 1388 2330 Graeciae
1409 2302 1511 2328 uero
1532 2295 1722 2328 ueterem
1742 2292 1826 2327 sta-

301 2489 313 2519 1
336 2485 438 2531 quasi
454 2485 548 2518 asiae
566 2488 666 2518 aestu
683 2490 707 2517 B
725 2482 737 2527 11
755 2482 805 2516 sic
822 2479 972 2526 primiN
986 2479 996 2525 11
1016 2481 1035 2513 3
1053 2483 1181 2513 tuncN
1194 2477 1205 2522 11
1224 2480 1244 2512 6
1262 2477 1394 2523 quodB
1411 2476 1423 2522 11
1443 2479 1460 2509 7
1474 2475 1605 2510 sotium
1613 2475 1780 2508 iunxerat
1788 2480 1825 2514 B,

298 2541 497 2576 sociauerat
511 2548 545 2574 N
558 2541 570 2585 11
589 2542 608 2572 8
625 2538 759 2583 templa
774 2548 852 2571 aras
869 2544 903 2570 N
916 2536 927 2581 11
946 2538 966 2570 9
983 2534 1171 2580 sepulchra
1186 2541 1219 2568 N
1233 2534 1244 2579 11
1266 2536 1306 2568 10
1328 2537 1402 2567 tam
1427 2539 1460 2566 Ν
1480 2532 1492 2577 11
1513 2533 1550 2565 11
1571 2529 1742 2576 petebant
1755 2535 1790 2562 Ν
1813 2527 1825 2573 11

294 2597 409 2643 primo
426 2604 458 2629 N
473 2597 483 2641 11
505 2598 545 2629 13
563 2595 681 2640 grecia
696 2603 721 2628 Β
739 2595 750 2639 11
781 2596 820 2626 14
842 2591 1027 2637 hispaniae
1044 2602 1098 2624 om
1114 2598 1135 2623 Ι
1150 2589 1161 2635 11
1179 2589 1428 2635 praeferebant
1447 2587 1513 2622 BIP
1522 2612 1530 2628 ,
1550 2585 1752 2631 praferebat
1767 2591 1800 2618 N
1814 2583 1827 2629 11

301 2655 340 2686 15
366 2662 474 2698 quam
495 2656 580 2685 nata
606 2650 653 2695 111
671 2650 720 2683 im
745 2657 770 2682 B
789 2649 799 2694 11
818 2659 937 2694 puppe
962 2655 996 2681 N
1010 2646 1021 2692 11
1051 2649 1087 2679 17
1116 2646 1177 2691 qui
1201 2645 1355 2679 nauibus
1380 2641 1666 2678 Freinshemius:
1700 2639 1831 2685 quibus

295 2715 369 2743 BIN
385 2707 396 2753 11
418 2708 458 2740 18
472 2706 590 2741 uictus
606 2700 670 2739 rex
685 2704 741 2738 bis
759 2707 891 2738 exutus
911 2702 967 2736 bis
984 2702 1132 2747 fugatus
1150 2701 1315 2736 castrisN
1330 2701 1341 2747 11
1360 2703 1403 2734 20
1416 2699 1639 2733 uulnerum
1656 2696 1668 2741 11
1685 2700 1830 2741 aspecto

303 2765 336 2807 b,
357 2763 529 2809 adspectu
544 2770 578 2796 N
592 2762 604 2807 11
621 2759 817 2795 flamminio
833 2765 887 2799 BI,
905 2758 1063 2792 flaminio
1079 2765 1113 2792 N
1126 2757 1138 2802 11
1156 2759 1198 2791 23
1217 2757 1407 2802 Aoumque
1437 2753 1605 2790 Vinetus:
1633 2756 1830 2797 flauumque

296 2829 333 2862 Β,
354 2830 525 2864 saumque
543 2826 570 2859 Ι,
593 2817 750 2862 dumque
767 2822 798 2848 N
814 2814 826 2859 11
844 2825 985 2847 omnem
1002 2822 1035 2847 N
1049 2813 1060 2858 11
1079 2813 1206 2847 abruta
1223 2820 1259 2853 B,
1279 2811 1447 2846 abrutum
1463 2809 1501 2844 ΙΡ
1519 2809 1530 2854 11
1548 2812 1586 2842 et
1601 2808 1647 2842 ad
1663 2815 1692 2848 Ι,
1713 2807 1759 2841 ad
1774 2814 1800 2840 B
1817 2805 1829 2851 11

298 2879 340 2910 24
359 2873 627 2921 penetrabimus
642 2880 675 2907 N
695 2872 706 2917 11
735 2873 777 2904 25
796 2869 1017 2916 cynocefalas
1033 2877 1077 2910 Β,
1120 2867 1379 2913 cynocephalos
1403 2874 1425 2900 Ι
1447 2866 1460 2911 11
1486 2867 1530 2899 26
1554 2864 1621 2899 hac
1647 2874 1691 2897 ne
1715 2862 1770 2907 1311
1788 2863 1832 2895 28

301 2928 524 2975 ςταεεὲῐιῐεω
541 2928 764 2964 summauide
782 2938 847 2961 suo
863 2934 895 2960 N
911 2925 921 2970 11
940 2927 983 2959 29
1000 2935 1064 2959 suo
1082 2928 1118 2958 et
1134 2923 1383 2957 lacedaemona
1399 2930 1423 2955 B
1441 2921 1452 2965 11
