2002 3320
270 228 407 265 XXVI
918 236 1176 266 PRAEFATIO.

271 330 576 376 domauerunt'.
629 335 703 375 sed
741 348 839 376 cum
877 336 1123 378 traiectione
1150 337 1292 385 locus,
1334 342 1385 376 ut
1412 335 1624 385 uidimus,
1674 337 1815 378 sanari

270 418 358 445 non
378 405 534 459 possit,
558 404 669 444 nihil
688 404 899 459 reliquum
920 413 1007 455 est,
1040 413 1249 460 quantum
1269 405 1420 455 uideo,
1443 405 1526 447 nisi
1547 413 1595 446 ut
1613 413 1815 460 putemus

270 480 449 527 utroque
469 474 563 514 loco
585 475 793 527 quaedam
815 475 1019 516 excidisse
1033 506 1045 524 ,
1068 475 1143 516 ubi
1162 474 1249 516 iam
1267 475 1499 529 inportuna
1517 475 1592 516 illa
1611 475 1814 531 interpre-

273 549 462 583 tamenta
481 542 648 584 intrusa
668 550 782 584 sunt.

384 613 528 662 Haec,
553 615 698 663 credo,
730 614 782 654 ad
804 612 1012 653 iudicium
1032 614 1084 653 de
1105 613 1320 654 codicibus
1340 618 1428 655 BN
1449 628 1678 668 eorumque
1698 614 1815 655 fonte

272 681 374 722 satis
404 690 567 723 certum
595 683 818 724 ferendum
847 682 1083 732 sufficient,
1127 684 1240 723 unde
1280 690 1371 723 tota
1405 683 1572 724 criticae
1607 683 1654 724 in
1689 684 1815 725 Floro

272 753 529 793 exercendae
566 753 673 793 ratio
713 766 920 806 suspensa
957 758 1035 793 est.
1086 758 1260 806 apparet
1299 752 1414 792 enim
1440 752 1488 793 in
1514 753 1655 794 uerbis
1687 753 1815 808 scrip-

273 821 374 862 toris
396 822 706 863 constituendis
727 828 766 862 B
796 822 885 875 (uel
903 824 992 874 BI)
1025 821 1116 862 eius
1145 836 1235 862 esse
1265 821 1527 863 auctoritatis
1556 829 1607 862 ut
1634 822 1818 877 relinqui

274 905 361 931 non
389 892 547 932 'debeat
567 891 650 932 nisi
672 891 731 932 eis
751 891 871 941 locis,
891 891 1044 945 quibus
1066 892 1178 945 quod
1198 891 1258 932 ibi
1287 891 1491 932 traditum
1512 898 1600 941 est,
1624 891 1660 932 si
1678 906 1754 946 per
1773 907 1817 933 se

273 967 508 1014 spectetur,
533 961 795 1014 corruptelae
817 960 1102 1015 suspicionem
1121 967 1280 1001 mouet.
1315 967 1409 1002 tum
1429 962 1601 1002 demum
1620 965 1670 1002 N
1691 961 1753 1002 ita
1771 961 1819 1002 in

273 1030 483 1071 auxilium
504 1031 703 1071 adhibere
732 1031 833 1072 licet
869 1037 918 1071 ut
947 1037 1070 1071 caute
1099 1030 1429 1085 circumspicias,
1456 1038 1602 1072 utrum
1631 1045 1681 1071 ea
1710 1046 1818 1085 quae

273 1100 449 1141 meliora
469 1102 632 1142 tradere
652 1100 824 1141 uidetur
844 1115 897 1140 ex
916 1100 1159 1155 incorrupto
1179 1100 1296 1141 fonte
1325 1102 1507 1141 deducta
1536 1099 1646 1150 sint,
1679 1115 1735 1141 an
1763 1101 1817 1141 ab

272 1170 572 1226 interpolatore
592 1171 780 1225 profecta
795 1170 885 1211 ueri
906 1170 1044 1224 specie
1064 1171 1231 1211 fallant.
1264 1170 1337 1211 uel
1348 1170 1408 1211 sic
1421 1176 1565 1211 tamen
1574 1170 1691 1210 haud
1710 1184 1816 1224 pau-

273 1255 342 1281 cos
358 1241 471 1282 locos
491 1248 646 1282 restare
667 1241 711 1281 in
733 1247 911 1294 utroque
933 1240 1075 1281 codice
1093 1240 1222 1280 etiam
1237 1239 1297 1280 eis
1317 1239 1453 1289 uitiis,
1477 1254 1584 1294 quae
1605 1254 1658 1280 ex
1673 1239 1816 1294 negle-

272 1310 418 1364 gentia
437 1311 705 1352 librariorum
727 1310 946 1359 oriuntur,
970 1316 1188 1363 corruptos
1206 1315 1248 1350 et
1269 1309 1511 1350 coniectura
1532 1310 1818 1350 emendandos

274 1380 398 1421 facile
419 1382 560 1421 credet
579 1380 664 1421 nisi
685 1380 779 1434 quis
801 1379 957 1420 codicis
975 1379 1155 1420 alicuius
1172 1378 1321 1434 optimi
1350 1378 1535 1433 speciem
1564 1378 1645 1420 sibi
1673 1379 1815 1434 fingit,

273 1464 400 1503 quem
430 1465 454 1490 a
481 1450 599 1492 uitiis
631 1450 790 1491 scilicet
819 1449 1056 1490 immunem
1083 1448 1128 1488 in
1164 1448 1360 1489 omnibus
1395 1454 1488 1489 tuto
1523 1448 1643 1502 sequi
1674 1449 1818 1497 liceat,

274 1519 418 1573 quales
439 1522 632 1561 nondum
651 1519 806 1574 reperti
827 1527 949 1560 sunt:
974 1518 1091 1559 Flori
1111 1524 1222 1559 certe
1243 1517 1423 1567 codices,
1444 1523 1533 1558 tam
1552 1523 1590 1558 B
1609 1531 1739 1572 quam
1757 1522 1817 1567 N,

275 1589 394 1631 uitiis
415 1590 620 1645 cuiusque
640 1589 806 1644 generis
825 1588 1020 1644 pluribus
1041 1587 1256 1642 inquinati
1272 1594 1394 1637 sunt,
1419 1602 1547 1641 quam
1567 1602 1676 1642 quae
1695 1587 1820 1628 indu-

273 1660 375 1701 stria
395 1661 607 1701 editorum
630 1659 721 1700 tolli
741 1658 972 1714 potuerint.
998 1659 1102 1699 haec
1112 1673 1188 1712 per
1207 1672 1284 1699 sua
1303 1672 1461 1711 genera
1480 1657 1660 1698 discreta
1678 1671 1820 1698 recen-

271 1745 376 1779 sere,
399 1737 449 1771 ut
464 1730 565 1771 inde
575 1729 830 1770 emendandi
841 1728 963 1782 quasi
979 1729 1185 1782 quaedam
1200 1728 1271 1768 lex
1286 1734 1412 1781 atque
1432 1741 1580 1768 norma
1595 1725 1820 1780 perspicia-

274 1806 364 1849 tur,
395 1800 574 1854 longum
605 1806 668 1840 est
697 1813 836 1853 neque
857 1813 958 1839 uero
987 1797 1285 1839 necessarium.
1341 1797 1543 1851 pleraque
1573 1796 1689 1837 enim
1719 1795 1823 1837 talia

274 1876 389 1919 sunt,
413 1870 556 1924 qualia
575 1869 622 1909 in
643 1868 840 1909 omnibus
862 1867 1135 1922 scriptoribus
1157 1868 1380 1908 obseruare
1399 1866 1514 1907 licet.
1564 1880 1823 1920 quamquam

271 1955 385 1982 unus
406 1940 583 1994 quisque
603 1939 688 1979 fere
710 1939 840 1979 etiam
867 1938 913 1978 in
934 1937 1054 1978 uitiis
1082 1937 1285 1992 quiddam
1312 1937 1394 1978 sibi
1422 1936 1641 1990 proprium
1673 1935 1817 1976 habet.

272 2010 348 2060 ita,
371 2016 420 2050 ut
440 2010 520 2050 hoc
540 2015 652 2059 utar,
684 2009 800 2050 Flori
820 2009 985 2049 codices
1006 2007 1254 2061 conpendiis
1266 2007 1500 2061 scripturae
1510 2006 1622 2046 male
1633 2005 1824 2046 intellec-

274 2080 329 2121 tis
348 2095 437 2121 non
456 2079 540 2121 nisi
561 2094 654 2120 raro
677 2086 718 2120 et
748 2079 872 2119 certis
902 2078 988 2119 fere
1018 2076 1224 2131 exemplis
1254 2076 1440 2130 corrupti
1462 2082 1576 2117 sunt.
1629 2074 1823 2116 omnium

270 2149 609 2204 frequentissime
618 2149 761 2190 littera
781 2163 888 2202 quae
909 2154 974 2188 est
995 2162 1052 2196 m,
1078 2162 1178 2188 cum
1198 2147 1356 2188 lineola
1375 2145 1642 2201 superposita
1660 2144 1820 2185 indica-

273 2227 405 2269 retur,
428 2218 501 2260 ucl
521 2219 677 2260 omissa
696 2219 768 2259 uel
787 2218 927 2272 posita
947 2232 1079 2272 praue
1100 2224 1178 2258 est.
1202 2217 1347 2270 itaque
1366 2215 1557 2271 paenitet
1578 2215 1690 2269 quod
1708 2219 1818 2269 p87,

275 2296 296 2330 5
318 2290 471 2344 reliqui
492 2289 536 2330 in
557 2289 734 2339 honore,
774 2302 874 2329 cum
903 2287 1053 2328 ceteris
1083 2287 1187 2328 locis
1207 2287 1357 2328 Florus
1385 2293 1436 2326 ut
1463 2285 1653 2340 plerique
1674 2298 1821 2326 omnes

272 2360 317 2400 in
337 2360 532 2400 honorem
554 2358 769 2413 scripserit
790 2358 836 2399 cf
850 2372 879 2412 p
903 2362 943 2407 8,
972 2362 1035 2397 15.
1063 2361 1133 2406 64,
1158 2361 1226 2397 26.
1268 2362 1486 2411 praeterea
1506 2369 1671 2409 semper
1691 2353 1820 2408 scrip-

273 2436 366 2470 tum
385 2429 516 2470 fuisse
536 2429 708 2469 uidetur
728 2443 794 2469 cos
807 2460 820 2478 ,
845 2429 958 2468 unde
979 2441 1077 2468 cum
1096 2427 1167 2468 hic
1187 2427 1276 2468 illic
1305 2426 1452 2467 consul
1478 2425 1684 2480 scriptum
1712 2430 1822 2466 esset

271 2514 346 2553 pro
367 2499 556 2549 consule,
596 2505 671 2538 aut
702 2498 867 2539 consule
895 2513 971 2552 pro
1002 2497 1167 2546 consul,
1215 2496 1345 2537 etiam
1372 2495 1549 2537 nomina
1576 2493 1683 2534 falso
1718 2506 1820 2533 casu

270 2569 410 2624 posita
438 2575 553 2610 sunt.
606 2575 700 2608 tum
729 2567 981 2621 compendio
1011 2568 1071 2607 R·
1097 2572 1186 2607 tam
1212 2567 1396 2608 Romam
1423 2579 1552 2620 quam
1578 2565 1820 2604 Romanum

272 2645 468 2679 notatum
497 2637 629 2678 fuisse
660 2638 782 2677 docet
810 2651 838 2690 Ρ
862 2641 903 2686 9,
928 2641 969 2686 9,
1003 2636 1078 2678 ubi
1109 2651 1207 2678 cum
1236 2642 1274 2676 B
1306 2636 1460 2676 habeat
1487 2635 1546 2674 R·
1579 2633 1626 2673 in
1654 2635 1686 2672 I
1707 2637 1820 2672 recte

272 2708 477 2762 scriptum
497 2714 561 2748 est
588 2721 773 2755 romam,
806 2706 852 2746 in
872 2710 921 2747 N
935 2721 1066 2759 praue
1087 2720 1323 2747 romanum.
1376 2703 1571 2746 similiter
1593 2717 1621 2756 p
1647 2705 1742 2750 102,
1768 2704 1818 2741 30

270 2782 319 2819 N
334 2784 445 2818 recte
466 2777 595 2818 habet
610 2790 825 2825 romanae,
849 2781 887 2815 B
902 2783 1099 2829 corrupte
1115 2790 1271 2825 romae,
1296 2782 1444 2815 contra
1463 2788 1491 2828 p
1517 2777 1611 2821 107,
1638 2776 1689 2812 20
1706 2777 1820 2812 recte

270 2848 315 2888 in
336 2852 384 2889 N
400 2861 542 2889 romae
560 2846 731 2901 legitur,
756 2852 799 2886 at
820 2845 866 2885 in
888 2851 926 2886 B
945 2859 1138 2885 romana.
1172 2859 1300 2898 quare
1320 2858 1407 2884 non
1427 2841 1626 2884 dubitaui
1645 2856 1674 2895 p
1700 2844 1767 2890 19,
1793 2843 1816 2879 6

269 2919 450 2959 Romam
470 2917 614 2960 urbem
634 2923 677 2958 et
692 2931 721 2971 p
744 2920 813 2966 87,
843 2918 890 2957 12
913 2915 1014 2957 urbe
1035 2915 1179 2955 Roma
1197 2927 1421 2968 reponere,
1444 2927 1543 2954 cum
1562 2910 1727 2953 codices
1747 2909 1819 2951 hic
