2002 3320
269 250 387 287 XLII
899 257 1159 294 PRAEFATIO.

350 355 471 412 ‘quid
487 371 602 397 nunc
618 356 684 396 uis
701 369 780 409 ego
799 356 1100 411 respondeam?
1122 355 1346 410 oquisquis
1358 369 1417 405 eS,
1439 355 1546 396 mihi
1558 370 1725 409 quoque
1741 355 1823 410 ipsi

354 428 433 468 hoc
445 427 560 467 idem
567 426 724 466 mirum
744 425 879 466 uideri
890 427 1012 476 solet,
1027 427 1140 479 quod
1156 440 1243 467 non
1257 427 1417 466 Romae
1437 440 1597 475 morer;
1619 427 1692 466 sed
1712 425 1822 466 nihil

357 504 420 538 est
436 496 648 538 difficilius
670 510 798 549 quam
825 496 1033 536 rationem
1063 497 1233 537 reddere
1252 503 1371 536 actus
1401 496 1480 537 tui.
1529 511 1656 551 quare
1677 495 1823 537 desine

355 582 423 607 me
444 567 490 607 in
505 566 752 607 memoriam
775 565 958 620 priorem
978 567 1217 607 reducendo
1237 566 1397 607 uulnus
1421 567 1614 608 dolorum
1629 581 1821 608 meorum

356 638 607 679 rescindere.
632 636 816 691 propitia
833 636 888 676 sit
907 636 983 677 illa
1003 635 1171 685 ciuitas,
1195 642 1237 676 et
1257 636 1453 677 fruantur
1472 637 1547 677 illa
1566 637 1718 691 quibus
1739 637 1820 677 for·
1839 640 1858 672 5

361 716 466 749 tuna
481 707 704 763 permittit.
729 708 842 761 quod
862 708 916 747 ad
935 721 1003 748 me
1022 705 1220 760 pertinet,
1244 720 1297 746 ex
1317 705 1390 746 illo
1407 706 1489 757 die,
1508 707 1628 748 cuius
1650 714 1698 748 tu
1716 707 1824 748 mihi

361 778 480 820 testis
501 793 566 827 es,
590 784 816 832 postquam
837 783 1023 831 ereptam
1044 775 1241 817 manibus
1269 782 1312 816 et
1347 775 1478 830 capiti
1503 791 1699 818 coronam
1726 792 1821 818 meo

356 848 473 898 uidi,
499 854 590 889 tota
609 862 729 888 mens
743 879 755 897 ,
788 853 903 888 totus
925 846 1094 888 animus
1113 845 1265 886 resiliit
1286 852 1412 900 atque
1434 846 1652 887 abhorruit
1673 847 1725 888 ab
1746 847 1821 888 illa

356 919 556 968 ciuitate,
590 918 777 971 adeoque
807 931 903 958 sum
928 931 1155 971 percussus
1176 923 1219 956 et
1247 923 1543 957 consternatus
1574 916 1649 958 illo
1679 917 1821 958 dolore

355 996 404 1030 ut
430 988 593 1043 patriae
623 1002 790 1042 quoque
819 997 947 1028 meae*
969 986 1126 1028 oblitus
1164 993 1207 1027 et
1241 993 1468 1041 parentum
1505 984 1817 1027 carissimorum
1836 990 1877 1022 10

354 1059 505 1101 similis
525 1057 685 1099 furenti
712 1058 797 1098 huc
826 1064 868 1098 et
896 1057 999 1098 illuc
1030 1071 1206 1111 uagarer
1225 1069 1300 1110 per
1330 1056 1498 1097 diuersa
1517 1050 1752 1097 terrarum’.
1778 1062 1821 1098 et

357 1130 430 1171 ille
446 1125 574 1183 ‘quae
594 1135 739 1169 tamen
759 1128 853 1168 loca
873 1142 1032 1182 quasue
1052 1126 1245 1181 regiones
1265 1120 1545 1181 peragrasti?³

453 1195 521 1240 ‘Si
540 1198 603 1239 ita
621 1198 818 1253 indulges
840 1198 926 1239 otio
940 1230 953 1248 ,
979 1198 1106 1252 plane
1137 1211 1264 1251 quam
1295 1196 1481 1238 breuiter
1509 1211 1721 1251 exponam
1740 1211 1819 1237 nec

355 1270 521 1311 inuitus
539 1268 730 1323 priorum
749 1268 1011 1309 recordabor.
1054 1268 1241 1322 primum
1271 1266 1463 1307 Siciliam
1492 1267 1680 1308 nobilem
1709 1267 1817 1317 uidi,

354 1339 630 1381 domesticam
640 1337 819 1380 Cereris.
843 1339 1074 1379 secundam
1093 1337 1247 1378 deinde
1268 1337 1439 1386 Creten,
1462 1337 1644 1391 patriam
1664 1344 1815 1378 tonan-

355 1409 425 1459 tis,
445 1416 486 1450 et
502 1424 528 1450 a
543 1410 673 1451 latere
688 1408 852 1449 uicinas
870 1409 1077 1463 Cycladas
1094 1407 1294 1449 salutaui.
1319 1407 1419 1447 inde
1435 1422 1503 1448 me
1515 1408 1691 1449 Rhodos
1707 1414 1750 1449 et
1766 1409 1819 1449 ab

353 1494 546 1533 regressu
565 1478 827 1534 Aegyptium
845 1477 1038 1533 pelagus,
1061 1487 1111 1519 ut
1131 1493 1204 1519 ora
1223 1477 1317 1519 Nili
1337 1477 1530 1518 uiderem
1550 1484 1592 1518 et
1610 1478 1820 1532 populum

354 1564 518 1603 semper
538 1549 584 1590 in
605 1549 773 1603 templis
795 1548 979 1590 otiosum
998 1548 1245 1603 peregrinae
1274 1549 1377 1588 deae
1405 1547 1529 1589 sistra
1557 1548 1815 1602 pulsantem.

355 1619 455 1660 inde
475 1634 621 1660 rursus
638 1619 813 1661 Italiam
831 1619 952 1669 redii,
978 1625 1020 1659 et
1041 1618 1181 1659 taedio
1196 1618 1325 1659 maris
1346 1618 1819 1659 cum‘mediterraneam

353 1690 661 1744 concupissem,
677 1696 846 1730 secutus
859 1689 1047 1730 Gallicas
1057 1689 1188 1743 Alpes
1201 1703 1254 1730 en
1270 1689 1404 1729 lustro
1420 1689 1599 1743 populos
1616 1688 1814 1743 aquilone
1830 1700 1874 1733 20

351 1759 575 1814 pallentes.
615 1759 715 1800 inde
745 1759 810 1800 sol
830 1758 1025 1800 occidens
1046 1758 1231 1813 placuit:
1263 1759 1388 1800 flecto
1409 1773 1595 1800 cursum.
1639 1760 1714 1799 sed
1733 1765 1816 1800 sta-

352 1829 432 1871 tim
451 1845 527 1884 par
551 1830 746 1879 horrore,
778 1844 854 1883 par
880 1829 1064 1879 uertice,
1097 1845 1174 1884 par
1200 1829 1274 1870 ille
1301 1829 1476 1870 niuibus
1495 1828 1666 1883 Alpinis
1688 1830 1817 1884 Pyre-

352 1915 486 1942 naeus
508 1899 689 1954 excepit.
729 1900 865 1949 uides,
885 1900 1054 1954 hospes,
1079 1915 1186 1954 quae
1207 1900 1346 1954 spatia
1365 1899 1471 1941 caeli
1486 1899 1813 1954 peragrauerim,

350 1986 458 2026 quae
478 1964 605 2012 maris
627 1985 788 2025 quaeue
810 1977 1030 2011 terrarum.
1080 1985 1169 2011 non
1193 1970 1316 2011 aliter
1342 1970 1631 2019 mehercules,
1661 1969 1698 2011 si
1718 1984 1816 2010 con-

351 2041 458 2082 ferre
478 2041 623 2096 paruis
644 2055 801 2095 magna
819 2040 942 2091 licet,
977 2054 1094 2081 sacer
1121 2039 1194 2080 ille
1221 2039 1391 2080 iuuenis
1411 2039 1708 2094 peruolitauit,
1743 2039 1814 2080 cui
1829 2048 1872 2081 25

358 2113 488 2153 Te1ra
522 2119 658 2153 mater
692 2126 867 2166 capaces
897 2117 1145 2152 onerauerat
1179 2110 1375 2164 frugibus
1406 2110 1589 2152 amictus
1601 2142 1614 2160 ,
1646 2117 1689 2151 et
1717 2125 1817 2151 cum

353 2182 455 2223 alite
475 2189 669 2237 serpente
690 2197 862 2223 currum
881 2181 974 2236 ipsa
993 2179 1204 2222 iunxisset
1216 2212 1229 2230 ,
1252 2180 1336 2221 nisi
1357 2187 1446 2221 toto
1467 2181 1566 2221 orbe
1594 2188 1816 2235 peragrato

352 2252 493 2293 uetuit
514 2267 611 2294 suas
631 2252 766 2294 redire
791 2259 1020 2306 serpentes.
1063 2251 1191 2292 liceat
1218 2264 1316 2304 ergo
1347 2251 1520 2292 tandem
1548 2251 1726 2305 fatigato
1746 2250 1816 2291 hic

353 2322 582 2377 aliquando
604 2324 890 2364 succumbere.
944 2322 980 2363 si
1008 2322 1188 2377 Scythes
1219 2335 1377 2370 essem,
1410 2321 1496 2361 iam
1524 2322 1715 2375 plaustra
1735 2321 1816 2362 sol-

352 2392 533 2441 uisscm3
569 2393 605 2434 si
625 2408 761 2447 uagus
789 2393 1069 2447 gubernator,
1101 2391 1187 2433 iam
1219 2392 1359 2433 dicata
1384 2391 1527 2446 pelagi
1556 2393 1658 2433 deae
1689 2406 1813 2446 prora
1828 2398 1872 2431 30

352 2463 570 2516 penderet.
596 2477 814 2517 quousque
834 2462 1113 2518 uagabimur3
1135 2477 1191 2503 an
1221 2477 1385 2516 semper
1412 2461 1600 2516 hospites
1630 2460 1813 2503 erimus?

1834 1313 1876 1346 15

359 2680 378 2710 3
396 2676 574 2710 racionem
593 2676 604 2722 Η
623 2678 641 2709 5
661 2675 820 2721 propicia
837 2676 847 2721 ΙΙ
867 2680 886 2712 6
904 2688 925 2710 a
940 2688 997 2711 me
1015 2677 1027 2722 [l
1046 2677 1148 2711 cuius
1165 2689 1237 2723 quo
1261 2681 1302 2711 tu
1320 2677 1332 2723 H
1354 2678 1393 2711 10
1414 2680 1450 2710 et
1465 2674 1536 2709 add
1550 2673 1765 2710 Ritschelius
1783 2675 1795 2720 ΙΙ

362 2734 396 2766 11
419 2743 569 2778 uagarer
585 2731 821 2766 Bit-schelius:
840 2744 951 2777 uager
968 2733 979 2778 ἥ
1002 2736 1039 2767 13
1060 2734 1138 2768 ocio
1157 2734 1168 2780 Η
1190 2737 1227 2767 14
1246 2733 1413 2768 sisciliam
1432 2732 1443 2777 ΙΙ
1465 2733 1504 2765 15
1523 2730 1660 2765 Cereris
1677 2731 1810 2765 sedem.

358 2789 488 2824 deinde
514 2788 727 2833 Schopenius
753 2788 764 2831 ΙΙ
794 2790 833 2823 16
861 2788 1014 2823 cicladas
1032 2789 1044 2834 ΙΙ
1069 2789 1153 2823 inde
1179 2789 1337 2823 Rhodon
1365 2786 1578 2832 Schopenim
1603 2786 1615 2832 ΙΙ
1643 2790 1680 2821 17
1715 2787 1813 2833 egip-

356 2846 448 2881 tium
465 2845 477 2891 ss
495 2845 620 2881 allexit
641 2845 712 2880 add
733 2845 947 2879 Rz'tschelius
965 2845 976 2891 ξΙ
1005 2847 1045 2879 18
1075 2845 1235 2880 ociosum
1253 2846 1264 2891 ΙΙ
1286 2847 1326 2879 19
1353 2843 1647 2878 mediterraneam
1670 2843 1813 2890 plagam

358 2914 504 2937 noscere
537 2901 784 2948 concupissem
816 2906 959 2936 secutus
993 2913 1072 2936 sum
1102 2901 1318 2936 Riwckelius
1335 2901 1347 2946 Η
1366 2903 1408 2935 20
1434 2912 1479 2935 en
1511 2899 1659 2945 scripsi.-
1685 2905 1722 2934 et
1738 2900 1749 2946 11
1769 2901 1811 2934 22

356 2959 523 3003 pireneus
541 2958 552 3004 ΙΙ
571 2961 614 2993 23
632 2958 750 3005 spacia
766 2958 777 3004 ΙΙ
797 2961 838 2993 29
856 2957 1090 2992 subcumbere
1108 2957 1120 3002 ΙΙ
1139 2957 1289 3003 Scythes
1315 2957 1536 2992 Welckervs:
1563 2956 1676 2992 cithes
1694 2956 1706 3002 ΙΙ
