2002 3320
288 223 341 262 52
933 238 1025 267 1vL1
1047 239 1175 267 FLORI

562 356 794 397 XXXIII.
827 359 1070 400 BELLVM
1091 360 1528 402 NVMANTINVM.

139 517 191 553 11,
215 506 264 544 17
283 502 341 542 Vt
371 501 676 555 Carthaginem
714 501 965 552 Corinthos,
1006 503 1066 544 ita
1094 505 1350 546 Corinthum
1386 506 1623 547 Numantia
1663 512 1807 546 secuta

283 577 370 619 est3
405 585 483 611 nec
513 571 665 612 deinde
695 572 794 612 orbe
828 579 919 613 toto
948 573 1176 627 quicquam
1204 574 1414 614 intactum
1434 575 1559 616 armis
1580 575 1677 616 fuit.
1710 583 1806 629 post

281 640 356 680 illa
376 641 460 680 duo
481 640 714 682 clarissima
733 641 904 682 urbium
923 642 1121 683 incendia
1140 643 1225 683 late
1256 650 1380 696 atque
1410 644 1593 697 passim,
1624 659 1703 685 nec
1731 659 1806 698 per

280 709 410 759 uices,
436 711 509 750 sed
529 709 657 751 simul
676 710 834 764 pariter
844 711 965 765 quasi
985 726 1122 752 unum
1130 712 1318 766 undique
1328 712 1491 752 bellum
1509 712 1592 753 fuit
1603 729 1614 762 3
1638 728 1808 767 prorsus

279 786 327 820 ut
348 780 520 820 fauillae
542 779 663 834 quasi
691 780 953 834 agitantibus
985 781 1125 823 uentis
1157 781 1373 822 diffudisse
1394 783 1601 835 quaedam
1618 782 1721 823 belli
1741 782 1805 822 in—

277 850 427 890 cendia
447 850 546 890 orbe
567 856 656 890 toto
677 850 943 891 uiderentur.

389 918 883 973 Hispaniae'numquam
912 920 1079 962 animus
1109 921 1193 962 fuit
1223 922 1450 962 aduersum
1475 936 1553 962 nos
1582 921 1806 962 uniuersae

276 1003 528 1043 consurgere
541 1020 554 1038 ‚
578 1003 812 1042 numquam
832 990 1019 1031 conferre
1040 990 1151 1031 uires
1173 1005 1270 1032 suas
1291 990 1442 1040 libuit,
1474 1005 1612 1044 neque
1634 997 1708 1031 aut
1727 990 1804 1031 im-

275 1058 441 1112 perium
453 1058 643 1112 'experiri
663 1065 738 1099 aut
758 1059 997 1100 libertatem
1018 1060 1128 1100 tueri
1157 1075 1280 1101 suam
1307 1060 1491 1114 publice.
1526 1060 1715 1114 alioquin
1744 1059 1807 1100 ita

277 1128 464 1181 undique
484 1127 591 1168 mari
613 1129 925 1182 Pyrenaeoque·
943 1129 1104 1169 uallata
1134 1135 1198 1170 est
1236 1136 1286 1169 ut
1305 1129 1478 1183 ingenio
1499 1129 1605 1170 situs
1625 1143 1680 1170 ne
1701 1128 1807 1170 adiri

275 1198 447 1251 quidem
467 1198 667 1251 potuerit.
702 1200 776 1239 sed
796 1205 894 1239 ante
924 1212 949 1237 a
977 1197 1182 1238 Romanis
1211 1199 1380 1239 obsessa
1409 1206 1473 1239 est
1500 1213 1628 1252 quam
1649 1213 1693 1240 se
1712 1199 1807 1252 ipsa

275 1274 544 1321 cognosceret
556 1299 568 1316 ,
603 1275 645 1307 et
674 1267 764 1308 sola
784 1266 976 1307 omnium
994 1267 1309 1320 prouinciarum
1329 1268 1441 1309 uires
1463 1283 1559 1309 suas
1579 1275 1805 1322 postquam

274 1337 390 1378 uicta
409 1344 474 1378 est
494 1336 721 1377 intellexit.
755 1335 800 1376 in
823 1336 902 1376 hac
922 1350 1052 1389 prope
1073 1338 1277 1378 ducentos
1298 1351 1373 1390 per
1393 1352 1525 1378 annos
1557 1337 1805 1379 dimicatum

273 1414 336 1447 est
357 1421 382 1446 a
400 1406 548 1460 primis
571 1405 841 1459 Scipionibus
871 1405 917 1445 in
946 1405 1133 1459 primum
1161 1407 1386 1447 Caesarem
1415 1408 1685 1461 Augustum,
1716 1421 1805 1448 non

272 1475 477 1516 continuo
498 1490 576 1516 nec
607 1470 903 1525 cohaerenter,
947 1476 1021 1516 sed
1050 1483 1177 1529 prout
1207 1491 1358 1516 causae
1387 1475 1683 1526 lacessierant,
1725 1489 1805 1516 nec

273 1560 371 1586 cum
392 1544 600 1599 Hispanis
622 1544 771 1594 initio,
805 1546 878 1586 sed
909 1560 1008 1585 cum
1038 1545 1193 1586 Poenis
1214 1545 1259 1586 in
1281 1545 1510 1599 Hispania.
1542 1545 1642 1586 inde
1662 1553 1805 1586 conta-

273 1616 394 1670 gium
414 1629 586 1669 serpens
607 1629 842 1668 causaeque
862 1615 1085 1656 bellorum.

390 1685 536 1727 Prima
570 1699 646 1738 per
682 1686 949 1738 Pyrenaeum
983 1685 1134 1739 iugum
1169 1685 1292 1739 signa
1329 1686 1526 1726 Romana
1553 1685 1734 1727 Publius
1763 1691 1805 1726 et

275 1756 424 1796 Gneus
457 1754 677 1809 Scipiones
705 1753 945 1795 intulerunt
974 1755 1227 1809 proeliisque
1247 1755 1494 1809 ingentibus
1514 1756 1743 1796 Annonem
1763 1761 1806 1796 et

273 1825 593 1866 Hasdrubalem
607 1824 756 1864 fratres
773 1823 1000 1865 Annibalis
1017 1824 1283 1873 ceciderunt3
1307 1831 1510 1878 raptaque
1531 1831 1620 1865 erat
1641 1824 1806 1878 impetu

274 1894 504 1948 Hispania,
528 1893 614 1934 nisi
634 1892 855 1934 fortissimi
876 1893 958 1933 uiri
977 1893 1024 1945 in
1039 1893 1133 1948 ipsa
1147 1894 1328 1935 uictoria
1343 1909 1420 1935 sua
1435 1893 1623 1948 oppressi
1641 1892 1806 1934 Punica

272 1964 418 2004 fraude
439 1962 715 2011 cecidissent,
753 1970 864 2003 terra
894 1963 1084 2016 marique
1105 1963 1301 2004 uictores.
1335 1963 1467 2017 igitur
1497 1963 1619 2017 quasi
1647 1976 1806 2003 nouam

271 2033 565 2088 integramque
595 2031 859 2086 prouinciam
887 2033 1001 2072 ultor
1028 2033 1160 2085 patris
1192 2039 1235 2072 et
1261 2033 1402 2085 patrui
1432 2032 1574 2086 Scipio
1603 2032 1676 2072 ille
1703 2045 1805 2072 mox

272 2102 499 2143 Africanus
521 2101 706 2151 inuasit,
736 2101 855 2155 isque
884 2101 1030 2142 statim
1057 2109 1180 2155 capta
1201 2101 1461 2155 Carthagine
1493 2108 1535 2141 et
1565 2101 1659 2141 aliis
1688 2100 1802 2141 urbi-

272 2174 369 2222 bus,
393 2186 481 2213 non
501 2178 727 2212 contentus
750 2172 916 2212 Poenos
936 2170 1150 2225 expulisse
1164 2202 1176 2219 ‚
1209 2170 1527 2224 stipendiariam
1556 2170 1678 2211 nobis
1709 2184 1803 2224 pro-

275 2241 463 2282 uinciam
483 2240 605 2290 fecit,
644 2254 789 2280 omnes
817 2240 923 2281 citra
942 2241 1137 2295 ultraque
1159 2239 1372 2280 Hiberum
1400 2239 1580 2280 subiecit
1608 2239 1802 2294 imperio,

274 2312 519 2365 primusque
548 2312 839 2351 Romanorum
870 2311 1028 2350 ducum
1057 2309 1194 2351 uictor
1221 2311 1274 2350 ad
1302 2310 1444 2351 Gades
1474 2316 1516 2350 et
1545 2309 1706 2350 Oceani
1735 2323 1807 2350 ora

275 2380 485 2435 peruenit.
519 2381 616 2434 plus
638 2386 701 2420 est
720 2378 984 2434 prouinciam
1013 2379 1194 2422 retinere
1224 2393 1352 2433 quam
1381 2379 1532 2420 facere.
1567 2378 1710 2434 itaque
1730 2393 1805 2433 per

283 2583 294 2614 1
318 2588 388 2614 RES
421 2588 463 2614 m
497 2589 692 2616 HYSPANIA
725 2590 866 2616 GESTAE
908 2590 950 2623 B,
1001 2591 1070 2616 aas
1105 2590 1149 2617 IN
1185 2590 1369 2616 msrAMA
1401 2589 1542 2616 GESTAE
1573 2586 1607 2614 Ν
1642 2579 1653 2624 ΙΙ
1694 2581 1714 2612 2
1745 2588 1804 2612 co-·

278 2635 420 2669 rinthus
445 2643 470 2668 B
494 2635 505 2680 11
533 2639 551 2669 4
587 2637 860 2671 clarissimarum
891 2638 1156 2672 Freinshemius
1183 2638 1195 2683 ΙΙ
1222 2640 1242 2672 6
1269 2637 1414 2672 fauillae
1446 2636 1591 2682 scripsi.-
1630 2635 1691 2669 ille
1715 2642 1771 2669 ΒΝ
1787 2634 1800 2680 ΙΙ

279 2690 481 2724 diffudisset
497 2691 516 2724 b
535 2691 546 2736 ΙΙ
567 2694 584 2724 7
603 2692 787 2725 uideretur
802 2701 834 2725 N
849 2692 862 2737 Π
879 2695 898 2726 8
916 2693 1120 2738 hisspaniae
1136 2702 1161 2727 Β
1179 2694 1190 2739 Η
1208 2696 1228 2727 9
1245 2693 1433 2738 imperium
1448 2703 1509 2726 nn
1525 2699 1558 2725 N
1571 2690 1582 2737 ΙΙ
1604 2692 1639 2723 11
1658 2701 1724 2724 nec
1739 2697 1773 2724 N
1786 2689 1798 2735 ss

282 2749 321 2780 12
339 2751 444 2780 antea
458 2754 491 2780 N
505 2746 517 2792 ΙΙ
538 2749 579 2782 16
596 2747 764 2782 continue
779 2755 813 2781 Ν
827 2748 838 2793 ΙΙ
862 2750 899 2782 17
918 2749 1101 2794 hisspania
1126 2757 1152 2784 B
1177 2749 1188 2794 ΙΙ
1216 2749 1422 2794 contagium
1448 2758 1592 2792 serpens
1613 2745 1804 2779 Mommse-

277 2802 378 2837 m'us:
405 2803 611 2848 contagium
627 2803 673 2837 ad
689 2803 795 2837 series
811 2810 847 2844 B,
868 2804 1035 2849 contagio
1053 2809 1089 2838 et
1105 2804 1213 2838 series
1228 2812 1260 2838 N
1275 2804 1286 2849 Η
1324 2806 1363 2838 18
1389 2813 1564 2847 causaque
1579 2810 1611 2836 N
1626 2803 1637 2848 ΙΙ
1656 2803 1699 2836 20
1717 2802 1803 2835 han-

278 2870 408 2892 nonem
424 2867 453 2892 N
471 2859 482 2904 ΙΙ
501 2861 540 2893 21
560 2859 704 2894 fratrem
720 2867 753 2893 Ν
768 2859 778 2904 ΙΙ
797 2858 953 2892 annibali
969 2867 994 2892 B
1012 2860 1022 2902 ΙΙ
1044 2863 1085 2893 22
1103 2860 1300 2905 hispaniam
1319 2860 1348 2894 si
1364 2867 1390 2892 B
1407 2859 1418 2903 ΙΙ
1436 2870 1501 2893 sua
1516 2858 1668 2893 uictoria
1682 2867 1716 2893 N
1730 2859 1741 2905 ΙΙ
1760 2861 1803 2893 25

231 2960 233 2962 q
278 2914 404 2960 hisque
419 2923 444 2949 B
462 2915 472 2960 Η
492 2920 615 2960 captaa
630 2924 655 2951 Β
672 2915 683 2960 Η
703 2917 744 2950 26
763 2915 886 2961 poenis
904 2915 1101 2959 expulisset
1115 2924 1141 2949 Β
1158 2916 1169 2960 ΙΙ
1188 2918 1229 2949 27
1249 2927 1389 2950 omnem
1406 2923 1438 2950 N
1453 2916 1463 2961 ΙΙ
1482 2915 1634 2950 liberum
1653 2915 1672 2949 b
1691 2916 1702 2961 ΙΙ

1835 1066 1877 1098 10

1833 1414 1875 1446 15

1831 1762 1875 1795 20

1831 2107 1875 2140 25
