<?xml version="1.0" encoding="UTF-8"?>
<!DOCTYPE html PUBLIC "-//W3C//DTD XHTML 1.0 Transitional//EN"
    "http://www.w3.org/TR/xhtml1/DTD/xhtml1-transitional.dtd">
<html xmlns="http://www.w3.org/1999/xhtml" xml:lang="en" lang="en">
 <head>
  <title>
</title>
<meta http-equiv="Content-Type" content="text/html;charset=utf-8" />
  <meta name='ocr-system' content='tesseract 3.04.00' />
  <meta name='ocr-capabilities' content='ocr_page ocr_carea ocr_par ocr_line ocrx_word'/>
</head>
<body>
  <div class='ocr_page' id='page_1' title='image "./epitomaedetitol00floruoft_0100.png"; bbox 0 0 2002 3320; ppageno 0'>
   <div class='ocr_carea' id='block_1_1' title="bbox 276 241 1166 280">
    <p class='ocr_par' dir='ltr' id='par_1_1' title="bbox 276 241 1166 280">
     <span class='ocr_line' id='line_1_1' title="bbox 276 241 1166 280; baseline 0.001 -2"><span class='ocrx_word' id='word_1_1' title='bbox 276 241 330 279; x_wconf 87' lang='grc'>46</span> <span class='ocrx_word' id='word_1_2' title='bbox 851 253 856 260; x_wconf 89' lang='grc'><em>·</em></span> <span class='ocrx_word' id='word_1_3' title='bbox 919 252 1012 280; x_wconf 81' lang='lat' dir='ltr'>1vL1</span> <span class='ocrx_word' id='word_1_4' title='bbox 1033 252 1166 280; x_wconf 64' lang='lat' dir='ltr'>nom</span> 
     </span>
    </p>
   </div>
   <div class='ocr_carea' id='block_1_2' title="bbox 542 372 1556 415">
    <p class='ocr_par' dir='ltr' id='par_1_2' title="bbox 542 372 1556 415">
     <span class='ocr_line' id='line_1_2' title="bbox 542 372 1556 415; baseline 0.001 -4"><span class='ocrx_word' id='word_1_5' title='bbox 542 372 743 412; x_wconf 90' lang='lat' dir='ltr'><strong>XXVII.</strong></span> <span class='ocrx_word' id='word_1_6' title='bbox 777 372 1023 415; x_wconf 91' lang='lat' dir='ltr'><strong>BELLVM</strong></span> <span class='ocrx_word' id='word_1_7' title='bbox 1045 373 1556 415; x_wconf 85' lang='lat' dir='ltr'><strong>GALLOGRAECVM.</strong></span> 
     </span>
    </p>
   </div>
   <div class='ocr_carea' id='block_1_3' title="bbox 133 502 1897 1673">
    <p class='ocr_par' dir='ltr' id='par_1_3' title="bbox 133 502 1897 1673">
     <span class='ocr_line' id='line_1_3' title="bbox 133 502 1873 560; baseline -0.002 -14"><span class='ocrx_word' id='word_1_8' title='bbox 133 516 186 550; x_wconf 88' lang='lat'>11,</span> <span class='ocrx_word' id='word_1_9' title='bbox 211 504 255 541; x_wconf 88' lang='lat'>11</span> <span class='ocrx_word' id='word_1_10' title='bbox 283 502 653 559; x_wconf 74' lang='lat' dir='ltr'>”Gallograeciam</span> <span class='ocrx_word' id='word_1_11' title='bbox 687 518 854 560; x_wconf 90' lang='lat' dir='ltr'>quoque</span> <span class='ocrx_word' id='word_1_12' title='bbox 884 505 1047 560; x_wconf 85' lang='lat' dir='ltr'>Syriaci</span> <span class='ocrx_word' id='word_1_13' title='bbox 1076 507 1180 547; x_wconf 88' lang='lat' dir='ltr'>belli</span> <span class='ocrx_word' id='word_1_14' title='bbox 1209 506 1337 547; x_wconf 91' lang='lat' dir='ltr'>ruina</span> <span class='ocrx_word' id='word_1_15' title='bbox 1367 505 1603 547; x_wconf 90' lang='lat' dir='ltr'>conuoluit.</span> <span class='ocrx_word' id='word_1_16' title='bbox 1651 504 1812 545; x_wconf 90' lang='lat' dir='ltr'>fuerint</span> <span class='ocrx_word' id='word_1_17' title='bbox 1840 503 1873 543; x_wconf 93' lang='lat' dir='ltr'><strong>I</strong></span> 
     </span>
     <span class='ocr_line' id='line_1_4' title="bbox 280 573 1817 630; baseline -0.001 -15"><span class='ocrx_word' id='word_1_18' title='bbox 280 575 393 615; x_wconf 90' lang='lat' dir='ltr'>inter</span> <span class='ocrx_word' id='word_1_19' title='bbox 413 574 575 616; x_wconf 90' lang='lat' dir='ltr'>auxilia</span> <span class='ocrx_word' id='word_1_20' title='bbox 594 575 705 630; x_wconf 86' lang='lat' dir='ltr'>regis</span> <span class='ocrx_word' id='word_1_21' title='bbox 725 575 948 625; x_wconf 86' lang='lat' dir='ltr'>Antiochi,</span> <span class='ocrx_word' id='word_1_22' title='bbox 973 589 1028 616; x_wconf 88' lang='lat' dir='ltr'>an</span> <span class='ocrx_word' id='word_1_23' title='bbox 1048 576 1180 616; x_wconf 89' lang='lat' dir='ltr'>fuisse</span> <span class='ocrx_word' id='word_1_24' title='bbox 1201 575 1382 629; x_wconf 88' lang='lat' dir='ltr'>cupidus</span> <span class='ocrx_word' id='word_1_25' title='bbox 1400 574 1607 629; x_wconf 83' lang='lat' dir='ltr'>triumphi</span> <span class='ocrx_word' id='word_1_26' title='bbox 1623 573 1817 615; x_wconf 89' lang='lat' dir='ltr'>Manlius</span> 
     </span>
     <span class='ocr_line' id='line_1_5' title="bbox 282 641 1885 698; baseline -0.002 -12"><span class='ocrx_word' id='word_1_27' title='bbox 282 645 418 687; x_wconf 89' lang='lat' dir='ltr'><strong>Vulso</strong></span> <span class='ocrx_word' id='word_1_28' title='bbox 441 645 724 695; x_wconf 85' lang='lat' dir='ltr'>simulauerit,</span> <span class='ocrx_word' id='word_1_29' title='bbox 750 645 930 686; x_wconf 86' lang='lat' dir='ltr'>dubium</span> <span class='ocrx_word' id='word_1_30' title='bbox 940 641 978 694; x_wconf 66' lang='lat' dir='ltr'>;u</span> <span class='ocrx_word' id='word_1_31' title='bbox 1015 652 1059 686; x_wconf 87' lang='lat' dir='ltr'>at</span> <span class='ocrx_word' id='word_1_32' title='bbox 1079 652 1191 686; x_wconf 90' lang='lat' dir='ltr'>certe</span> <span class='ocrx_word' id='word_1_33' title='bbox 1210 651 1393 698; x_wconf 82' lang='lat' dir='ltr'>negatus</span> <span class='ocrx_word' id='word_1_34' title='bbox 1414 651 1478 685; x_wconf 93' lang='lat' dir='ltr'>est</span> <span class='ocrx_word' id='word_1_35' title='bbox 1496 644 1650 685; x_wconf 88' lang='lat' dir='ltr'>uictori</span> <span class='ocrx_word' id='word_1_36' title='bbox 1670 642 1885 698; x_wconf 88' lang='lat' dir='ltr'>trium-[I]</span> 
     </span>
     <span class='ocr_line' id='line_1_6' title="bbox 282 712 1862 770; baseline -0.003 -15"><span class='ocrx_word' id='word_1_37' title='bbox 282 715 419 770; x_wconf 86' lang='lat' dir='ltr'>phus,</span> <span class='ocrx_word' id='word_1_38' title='bbox 453 715 554 769; x_wconf 90' lang='lat' dir='ltr'>quia</span> <span class='ocrx_word' id='word_1_39' title='bbox 582 729 755 755; x_wconf 86' lang='lat' dir='ltr'>causam</span> <span class='ocrx_word' id='word_1_40' title='bbox 782 715 886 755; x_wconf 89' lang='lat' dir='ltr'>belli</span> <span class='ocrx_word' id='word_1_41' title='bbox 915 729 1002 756; x_wconf 90' lang='lat' dir='ltr'>non</span> <span class='ocrx_word' id='word_1_42' title='bbox 1032 714 1300 769; x_wconf 88' lang='lat' dir='ltr'>adprobauit.</span> <span class='ocrx_word' id='word_1_43' title='bbox 1335 719 1524 754; x_wconf 89' lang='lat' dir='ltr'>ceterum</span> <span class='ocrx_word' id='word_1_44' title='bbox 1542 727 1647 767; x_wconf 83' lang='lat' dir='ltr'>gens</span> <span class='ocrx_word' id='word_1_45' title='bbox 1668 712 1814 754; x_wconf 86' lang='lat' dir='ltr'>Gallo·</span> <span class='ocrx_word' id='word_1_46' title='bbox 1843 720 1862 750; x_wconf 86' lang='lat'>5</span> 
     </span>
     <span class='ocr_line' id='line_1_7' title="bbox 284 782 1821 839; baseline -0.002 -14"><span class='ocrx_word' id='word_1_47' title='bbox 284 799 533 839; x_wconf 87' lang='lat' dir='ltr'>graecorum</span> <span class='ocrx_word' id='word_1_48' title='bbox 546 816 558 833; x_wconf 91' lang='lat'><strong><em>,</em></strong></span> <span class='ocrx_word' id='word_1_49' title='bbox 582 784 694 824; x_wconf 92' lang='lat' dir='ltr'>sicut</span> <span class='ocrx_word' id='word_1_50' title='bbox 713 784 856 838; x_wconf 91' lang='lat' dir='ltr'>ipsum</span> <span class='ocrx_word' id='word_1_51' title='bbox 875 798 1033 824; x_wconf 91' lang='lat' dir='ltr'>nomen</span> <span class='ocrx_word' id='word_1_52' title='bbox 1053 783 1212 825; x_wconf 91' lang='lat' dir='ltr'>indicio</span> <span class='ocrx_word' id='word_1_53' title='bbox 1233 790 1298 824; x_wconf 92' lang='lat' dir='ltr'>est</span> <span class='ocrx_word' id='word_1_54' title='bbox 1311 815 1324 833; x_wconf 91' lang='lat'><strong><em>,</em></strong></span> <span class='ocrx_word' id='word_1_55' title='bbox 1362 782 1499 823; x_wconf 85' lang='lat' dir='ltr'>mixta</span> <span class='ocrx_word' id='word_1_56' title='bbox 1519 788 1561 823; x_wconf 90' lang='lat' dir='ltr'>et</span> <span class='ocrx_word' id='word_1_57' title='bbox 1581 782 1821 823; x_wconf 88' lang='lat' dir='ltr'>adulterata</span> 
     </span>
     <span class='ocr_line' id='line_1_8' title="bbox 287 850 1817 907; baseline -0.002 -13"><span class='ocrx_word' id='word_1_58' title='bbox 287 861 373 895; x_wconf 87' lang='lat' dir='ltr'>est:</span> <span class='ocrx_word' id='word_1_59' title='bbox 399 853 603 907; x_wconf 78' lang='lat' dir='ltr'>reliquiae</span> <span class='ocrx_word' id='word_1_60' title='bbox 614 854 856 903; x_wconf 84' lang='lat' dir='ltr'><strong>Gallorum,</strong></span> <span class='ocrx_word' id='word_1_61' title='bbox 880 853 955 907; x_wconf 92' lang='lat' dir='ltr'>qui</span> <span class='ocrx_word' id='word_1_62' title='bbox 965 856 1137 894; x_wconf 86' lang='lat' dir='ltr'><strong>Brenno</strong></span> <span class='ocrx_word' id='word_1_63' title='bbox 1154 854 1261 894; x_wconf 88' lang='lat' dir='ltr'>duce</span> <span class='ocrx_word' id='word_1_64' title='bbox 1277 858 1557 894; x_wconf 87' lang='lat' dir='ltr'>uastauerant</span> <span class='ocrx_word' id='word_1_65' title='bbox 1577 850 1817 899; x_wconf 81' lang='lat' dir='ltr'>Graeciam,</span> 
     </span>
     <span class='ocr_line' id='line_1_9' title="bbox 287 919 1821 978; baseline -0.003 -14"><span class='ocrx_word' id='word_1_66' title='bbox 287 924 494 964; x_wconf 86' lang='lat' dir='ltr'>orientem</span> <span class='ocrx_word' id='word_1_67' title='bbox 515 922 666 972; x_wconf 84' lang='lat' dir='ltr'>secuti,</span> <span class='ocrx_word' id='word_1_68' title='bbox 689 923 735 963; x_wconf 90' lang='lat' dir='ltr'>in</span> <span class='ocrx_word' id='word_1_69' title='bbox 756 923 897 964; x_wconf 90' lang='lat' dir='ltr'>media</span> <span class='ocrx_word' id='word_1_70' title='bbox 915 923 1043 964; x_wconf 88' lang='lat' dir='ltr'>Asiae</span> <span class='ocrx_word' id='word_1_71' title='bbox 1063 930 1183 978; x_wconf 89' lang='lat' dir='ltr'>parte</span> <span class='ocrx_word' id='word_1_72' title='bbox 1204 924 1431 971; x_wconf 82' lang='lat' dir='ltr'>sederunt3</span> <span class='ocrx_word' id='word_1_73' title='bbox 1464 922 1626 976; x_wconf 89' lang='lat' dir='ltr'>itaque,</span> <span class='ocrx_word' id='word_1_74' title='bbox 1649 919 1716 960; x_wconf 89' lang='lat' dir='ltr'>uti</span> <span class='ocrx_word' id='word_1_75' title='bbox 1734 920 1821 960; x_wconf 90' lang='lat' dir='ltr'>fru-</span> 
     </span>
     <span class='ocr_line' id='line_1_10' title="bbox 287 989 1823 1047; baseline -0.003 -13"><span class='ocrx_word' id='word_1_76' title='bbox 287 1008 392 1047; x_wconf 85' lang='lat' dir='ltr'>gum</span> <span class='ocrx_word' id='word_1_77' title='bbox 420 993 583 1034; x_wconf 88' lang='lat' dir='ltr'>semina</span> <span class='ocrx_word' id='word_1_78' title='bbox 611 999 777 1033; x_wconf 87' lang='lat' dir='ltr'>mutato</span> <span class='ocrx_word' id='word_1_79' title='bbox 809 992 898 1033; x_wconf 90' lang='lat' dir='ltr'>solo</span> <span class='ocrx_word' id='word_1_80' title='bbox 934 994 1193 1046; x_wconf 86' lang='lat' dir='ltr'>degenerant</span> <span class='ocrx_word' id='word_1_81' title='bbox 1206 1024 1218 1041; x_wconf 86' lang='lat'><em>‚</em></span> <span class='ocrx_word' id='word_1_82' title='bbox 1258 991 1317 1032; x_wconf 90' lang='lat' dir='ltr'>sic</span> <span class='ocrx_word' id='word_1_83' title='bbox 1351 992 1428 1032; x_wconf 89' lang='lat' dir='ltr'>illa</span> <span class='ocrx_word' id='word_1_84' title='bbox 1460 990 1650 1045; x_wconf 88' lang='lat' dir='ltr'>genuina</span> <span class='ocrx_word' id='word_1_85' title='bbox 1678 989 1823 1030; x_wconf 84' lang='lat' dir='ltr'>feritas</span> 
     </span>
     <span class='ocr_line' id='line_1_11' title="bbox 289 1058 1879 1114; baseline -0.003 -10"><span class='ocrx_word' id='word_1_86' title='bbox 289 1077 436 1104; x_wconf 91' lang='lat' dir='ltr'>eorum</span> <span class='ocrx_word' id='word_1_87' title='bbox 455 1062 646 1103; x_wconf 90' lang='lat' dir='ltr'>Asiatica</span> <span class='ocrx_word' id='word_1_88' title='bbox 667 1061 923 1103; x_wconf 86' lang='lat' dir='ltr'>amoenitate</span> <span class='ocrx_word' id='word_1_89' title='bbox 943 1062 1110 1102; x_wconf 87' lang='lat' dir='ltr'>mollita</span> <span class='ocrx_word' id='word_1_90' title='bbox 1139 1067 1217 1102; x_wconf 87' lang='lat' dir='ltr'>est.</span> <span class='ocrx_word' id='word_1_91' title='bbox 1251 1058 1445 1101; x_wconf 89' lang='lat' dir='ltr'>&#39;&#39;duobus</span> <span class='ocrx_word' id='word_1_92' title='bbox 1475 1060 1620 1113; x_wconf 88' lang='lat' dir='ltr'>itaque</span> <span class='ocrx_word' id='word_1_93' title='bbox 1649 1058 1820 1114; x_wconf 87' lang='lat' dir='ltr'>proeliis</span> <span class='ocrx_word' id='word_1_94' title='bbox 1850 1059 1879 1098; x_wconf 95' lang='lat' dir='ltr'><strong>I</strong></span> 
     </span>
     <span class='ocr_line' id='line_1_12' title="bbox 289 1128 1823 1187; baseline -0.003 -14"><span class='ocrx_word' id='word_1_95' title='bbox 289 1132 375 1174; x_wconf 90' lang='lat' dir='ltr'>fusi</span> <span class='ocrx_word' id='word_1_96' title='bbox 395 1131 617 1187; x_wconf 85' lang='lat' dir='ltr'>fugatique</span> <span class='ocrx_word' id='word_1_97' title='bbox 639 1138 756 1180; x_wconf 90' lang='lat' dir='ltr'>sunt,</span> <span class='ocrx_word' id='word_1_98' title='bbox 781 1131 978 1185; x_wconf 90' lang='lat' dir='ltr'>quamuis</span> <span class='ocrx_word' id='word_1_99' title='bbox 1000 1132 1078 1171; x_wconf 93' lang='lat' dir='ltr'>sub</span> <span class='ocrx_word' id='word_1_100' title='bbox 1104 1132 1296 1171; x_wconf 91' lang='lat' dir='ltr'>aduentu</span> <span class='ocrx_word' id='word_1_101' title='bbox 1316 1129 1451 1170; x_wconf 89' lang='lat' dir='ltr'>hostis</span> <span class='ocrx_word' id='word_1_102' title='bbox 1471 1129 1630 1170; x_wconf 90' lang='lat' dir='ltr'>relictis</span> <span class='ocrx_word' id='word_1_103' title='bbox 1652 1128 1823 1170; x_wconf 80' lang='lat' dir='ltr'>sedibus</span> 
     </span>
     <span class='ocr_line' id='line_1_13' title="bbox 290 1199 1824 1254; baseline -0.003 -12"><span class='ocrx_word' id='word_1_104' title='bbox 290 1203 337 1243; x_wconf 91' lang='lat' dir='ltr'>in</span> <span class='ocrx_word' id='word_1_105' title='bbox 359 1201 585 1243; x_wconf 90' lang='lat' dir='ltr'>altissimos</span> <span class='ocrx_word' id='word_1_106' title='bbox 607 1216 651 1242; x_wconf 93' lang='lat' dir='ltr'>se</span> <span class='ocrx_word' id='word_1_107' title='bbox 671 1208 838 1241; x_wconf 87' lang='lat' dir='ltr'>montes</span> <span class='ocrx_word' id='word_1_108' title='bbox 858 1200 1130 1254; x_wconf 84' lang='lat' dir='ltr'>recepissent.</span> <span class='ocrx_word' id='word_1_109' title='bbox 1152 1199 1426 1253; x_wconf 86' lang='lat' dir='ltr'>Tolostobogi</span> <span class='ocrx_word' id='word_1_110' title='bbox 1447 1199 1696 1254; x_wconf 89' lang='lat' dir='ltr'>Olympum,</span> <span class='ocrx_word' id='word_1_111' title='bbox 1720 1199 1824 1238; x_wconf 88' lang='lat' dir='ltr'>Tec-</span> 
     </span>
     <span class='ocr_line' id='line_1_14' title="bbox 292 1266 1828 1326; baseline -0.003 -14"><span class='ocrx_word' id='word_1_112' title='bbox 292 1271 431 1326; x_wconf 89' lang='lat' dir='ltr'>tosagi</span> <span class='ocrx_word' id='word_1_113' title='bbox 450 1271 637 1324; x_wconf 81' lang='lat' dir='ltr'>Magaba</span> <span class='ocrx_word' id='word_1_114' title='bbox 656 1270 915 1311; x_wconf 87' lang='lat' dir='ltr'>insederant.</span> <span class='ocrx_word' id='word_1_115' title='bbox 948 1269 1164 1324; x_wconf 87' lang='lat' dir='ltr'>utrimque</span> <span class='ocrx_word' id='word_1_116' title='bbox 1194 1268 1339 1310; x_wconf 87' lang='lat' dir='ltr'>fundis</span> <span class='ocrx_word' id='word_1_117' title='bbox 1368 1268 1619 1322; x_wconf 86' lang='lat' dir='ltr'>sagittisque</span> <span class='ocrx_word' id='word_1_118' title='bbox 1649 1266 1828 1308; x_wconf 88' lang='lat' dir='ltr'>detracti</span> 
     </span>
     <span class='ocr_line' id='line_1_15' title="bbox 292 1337 1827 1396; baseline -0.003 -15"><span class='ocrx_word' id='word_1_119' title='bbox 292 1341 339 1382; x_wconf 88' lang='lat' dir='ltr'>in</span> <span class='ocrx_word' id='word_1_120' title='bbox 358 1347 610 1396; x_wconf 87' lang='lat' dir='ltr'>perpetuam</span> <span class='ocrx_word' id='word_1_121' title='bbox 630 1355 674 1380; x_wconf 90' lang='lat' dir='ltr'>se</span> <span class='ocrx_word' id='word_1_122' title='bbox 693 1355 842 1394; x_wconf 89' lang='lat' dir='ltr'>pacem</span> <span class='ocrx_word' id='word_1_123' title='bbox 863 1339 1132 1380; x_wconf 90' lang='lat' dir='ltr'>dediderunt.</span> <span class='ocrx_word' id='word_1_124' title='bbox 1154 1340 1227 1380; x_wconf 92' lang='lat' dir='ltr'>sed</span> <span class='ocrx_word' id='word_1_125' title='bbox 1248 1337 1413 1392; x_wconf 88' lang='lat' dir='ltr'>alligati</span> <span class='ocrx_word' id='word_1_126' title='bbox 1427 1337 1633 1378; x_wconf 91' lang='lat' dir='ltr'>miraculo</span> <span class='ocrx_word' id='word_1_127' title='bbox 1652 1337 1827 1391; x_wconf 91' lang='lat' dir='ltr'>quidam</span> 
     </span>
     <span class='ocr_line' id='line_1_16' title="bbox 293 1407 1897 1466; baseline -0.003 -16"><span class='ocrx_word' id='word_1_128' title='bbox 293 1411 427 1459; x_wconf 85' lang='lat' dir='ltr'>fuere,</span> <span class='ocrx_word' id='word_1_129' title='bbox 452 1424 550 1450; x_wconf 90' lang='lat' dir='ltr'>cum</span> <span class='ocrx_word' id='word_1_130' title='bbox 571 1415 741 1450; x_wconf 88' lang='lat' dir='ltr'>catenas</span> <span class='ocrx_word' id='word_1_131' title='bbox 762 1409 972 1466; x_wconf 85' lang='lat' dir='ltr'>morsibus</span> <span class='ocrx_word' id='word_1_132' title='bbox 994 1415 1036 1448; x_wconf 91' lang='lat' dir='ltr'>et</span> <span class='ocrx_word' id='word_1_133' title='bbox 1058 1423 1127 1449; x_wconf 92' lang='lat' dir='ltr'>ore</span> <span class='ocrx_word' id='word_1_134' title='bbox 1148 1414 1443 1462; x_wconf 88' lang='lat' dir='ltr'>temptassent,</span> <span class='ocrx_word' id='word_1_135' title='bbox 1467 1421 1566 1447; x_wconf 91' lang='lat' dir='ltr'>cum</span> <span class='ocrx_word' id='word_1_136' title='bbox 1588 1407 1827 1447; x_wconf 89' lang='lat' dir='ltr'>offocandas</span> <span class='ocrx_word' id='word_1_137' title='bbox 1856 1413 1897 1444; x_wconf 92' lang='lat'>15</span> 
     </span>
     <span class='ocr_line' id='line_1_17' title="bbox 294 1475 1828 1533; baseline -0.003 -14"><span class='ocrx_word' id='word_1_138' title='bbox 294 1480 482 1520; x_wconf 90' lang='lat' dir='ltr'>inuicem</span> <span class='ocrx_word' id='word_1_139' title='bbox 502 1479 644 1519; x_wconf 87' lang='lat' dir='ltr'>fauces</span> <span class='ocrx_word' id='word_1_140' title='bbox 664 1478 975 1533; x_wconf 86' lang='lat' dir='ltr'>praebuissent.</span> <span class='ocrx_word' id='word_1_141' title='bbox 995 1491 1096 1517; x_wconf 90' lang='lat' dir='ltr'>nam</span> <span class='ocrx_word' id='word_1_142' title='bbox 1118 1476 1387 1531; x_wconf 86' lang='lat' dir='ltr'>Orgiacontis</span> <span class='ocrx_word' id='word_1_143' title='bbox 1409 1490 1516 1516; x_wconf 88' lang='lat' dir='ltr'>uxor</span> <span class='ocrx_word' id='word_1_144' title='bbox 1537 1490 1562 1516; x_wconf 92' lang='lat' dir='ltr'>a</span> <span class='ocrx_word' id='word_1_145' title='bbox 1581 1475 1828 1516; x_wconf 87' lang='lat' dir='ltr'>centurione</span> 
     </span>
     <span class='ocr_line' id='line_1_18' title="bbox 295 1545 1829 1603; baseline -0.003 -14"><span class='ocrx_word' id='word_1_146' title='bbox 295 1555 489 1603; x_wconf 86' lang='lat' dir='ltr'>stuprata</span> <span class='ocrx_word' id='word_1_147' title='bbox 508 1548 773 1588; x_wconf 87' lang='lat' dir='ltr'>memorabili</span> <span class='ocrx_word' id='word_1_148' title='bbox 793 1548 987 1602; x_wconf 86' lang='lat' dir='ltr'>exemplo</span> <span class='ocrx_word' id='word_1_149' title='bbox 1004 1546 1242 1587; x_wconf 87' lang='lat' dir='ltr'>custodiam</span> <span class='ocrx_word' id='word_1_150' title='bbox 1262 1546 1414 1595; x_wconf 89' lang='lat' dir='ltr'>euasit,</span> <span class='ocrx_word' id='word_1_151' title='bbox 1437 1546 1737 1599; x_wconf 89' lang='lat' dir='ltr'>reuolsumque</span> <span class='ocrx_word' id='word_1_152' title='bbox 1758 1545 1829 1585; x_wconf 90' lang='lat' dir='ltr'>ad-</span> 
     </span>
     <span class='ocr_line' id='line_1_19' title="bbox 296 1612 1896 1673; baseline -0.003 -14"><span class='ocrx_word' id='word_1_153' title='bbox 296 1619 424 1660; x_wconf 91' lang='lat' dir='ltr'>ulteri</span> <span class='ocrx_word' id='word_1_154' title='bbox 445 1618 580 1659; x_wconf 91' lang='lat' dir='ltr'>hostis</span> <span class='ocrx_word' id='word_1_155' title='bbox 601 1625 731 1673; x_wconf 89' lang='lat' dir='ltr'>caput</span> <span class='ocrx_word' id='word_1_156' title='bbox 751 1619 805 1659; x_wconf 91' lang='lat' dir='ltr'>ad</span> <span class='ocrx_word' id='word_1_157' title='bbox 824 1617 1028 1658; x_wconf 89' lang='lat' dir='ltr'>maritum</span> <span class='ocrx_word' id='word_1_158' title='bbox 1049 1631 1175 1657; x_wconf 86' lang='lat' dir='ltr'>suum</span> <span class='ocrx_word' id='word_1_159' title='bbox 1194 1612 1470 1670; x_wconf 62' lang='lat' dir='ltr'>rep01·tauit.”</span> <span class='ocrx_word' id='word_1_160' title='bbox 1830 1613 1896 1669; x_wconf 88' lang='lat'>[1]</span> 
     </span>
    </p>
   </div>
   <div class='ocr_carea' id='block_1_4' title="bbox 392 1783 1742 1846">
    <p class='ocr_par' dir='ltr' id='par_1_4' title="bbox 392 1783 1742 1846">
     <span class='ocr_line' id='line_1_20' title="bbox 392 1783 1742 1846; baseline -0.004 -19"><span class='ocrx_word' id='word_1_161' title='bbox 392 1787 620 1828; x_wconf 85' lang='lat' dir='ltr'><strong>XXVIII.</strong></span> <span class='ocrx_word' id='word_1_162' title='bbox 653 1786 900 1827; x_wconf 92' lang='lat' dir='ltr'><strong>BELLVM</strong></span> <span class='ocrx_word' id='word_1_163' title='bbox 921 1785 1374 1846; x_wconf 66' lang='lat' dir='ltr'><strong>MACEDONIOVM</strong></span> <span class='ocrx_word' id='word_1_164' title='bbox 1396 1783 1742 1827; x_wconf 86' lang='lat' dir='ltr'><strong>SECVNDVM.</strong></span> 
     </span>
    </p>
   </div>
   <div class='ocr_carea' id='block_1_5' title="bbox 156 1917 1904 2111">
    <p class='ocr_par' dir='ltr' id='par_1_5' title="bbox 156 1917 1904 2111">
     <span class='ocr_line' id='line_1_21' title="bbox 156 1917 1904 1973; baseline -0.002 -15"><span class='ocrx_word' id='word_1_165' title='bbox 156 1931 209 1966; x_wconf 89' lang='lat'>11,</span> <span class='ocrx_word' id='word_1_166' title='bbox 232 1918 283 1957; x_wconf 86' lang='lat'>12</span> <span class='ocrx_word' id='word_1_167' title='bbox 301 1921 420 1961; x_wconf 91' lang='lat' dir='ltr'>Dum</span> <span class='ocrx_word' id='word_1_168' title='bbox 441 1919 549 1960; x_wconf 87' lang='lat' dir='ltr'>aliae</span> <span class='ocrx_word' id='word_1_169' title='bbox 570 1918 762 1972; x_wconf 89' lang='lat' dir='ltr'>aliaeque</span> <span class='ocrx_word' id='word_1_170' title='bbox 782 1925 932 1972; x_wconf 86' lang='lat' dir='ltr'>gentes</span> <span class='ocrx_word' id='word_1_171' title='bbox 955 1919 1117 1973; x_wconf 87' lang='lat' dir='ltr'>Syriaci</span> <span class='ocrx_word' id='word_1_172' title='bbox 1136 1918 1240 1959; x_wconf 88' lang='lat' dir='ltr'>belli</span> <span class='ocrx_word' id='word_1_173' title='bbox 1261 1926 1463 1965; x_wconf 86' lang='lat' dir='ltr'>secuntur</span> <span class='ocrx_word' id='word_1_174' title='bbox 1482 1917 1667 1966; x_wconf 88' lang='lat' dir='ltr'>ruinam,</span> <span class='ocrx_word' id='word_1_175' title='bbox 1689 1917 1832 1957; x_wconf 87' lang='lat' dir='ltr'>Mace·</span> <span class='ocrx_word' id='word_1_176' title='bbox 1859 1922 1904 1955; x_wconf 86' lang='lat'>20</span> 
     </span>
     <span class='ocr_line' id='line_1_22' title="bbox 299 1987 1832 2041; baseline -0.004 -10"><span class='ocrx_word' id='word_1_177' title='bbox 299 1989 428 2031; x_wconf 87' lang='lat' dir='ltr'>donia</span> <span class='ocrx_word' id='word_1_178' title='bbox 446 2002 593 2029; x_wconf 92' lang='lat' dir='ltr'>rursus</span> <span class='ocrx_word' id='word_1_179' title='bbox 614 2002 658 2028; x_wconf 88' lang='lat' dir='ltr'>se</span> <span class='ocrx_word' id='word_1_180' title='bbox 679 1987 827 2028; x_wconf 82' lang='lat' dir='ltr'>erexit.</span> <span class='ocrx_word' id='word_1_181' title='bbox 860 1988 1139 2029; x_wconf 87' lang='lat' dir='ltr'>fortissimum</span> <span class='ocrx_word' id='word_1_182' title='bbox 1165 1988 1375 2041; x_wconf 90' lang='lat' dir='ltr'>populum</span> <span class='ocrx_word' id='word_1_183' title='bbox 1402 1987 1604 2028; x_wconf 86' lang='lat' dir='ltr'>memoria</span> <span class='ocrx_word' id='word_1_184' title='bbox 1629 1993 1672 2026; x_wconf 89' lang='lat' dir='ltr'>et</span> <span class='ocrx_word' id='word_1_185' title='bbox 1698 1999 1832 2026; x_wconf 87' lang='lat' dir='ltr'>recor—</span> 
     </span>
     <span class='ocr_line' id='line_1_23' title="bbox 301 2053 1832 2111; baseline -0.004 -11"><span class='ocrx_word' id='word_1_186' title='bbox 301 2058 416 2100; x_wconf 85' lang='lat' dir='ltr'>datio</span> <span class='ocrx_word' id='word_1_187' title='bbox 452 2072 554 2099; x_wconf 90' lang='lat' dir='ltr'>suae</span> <span class='ocrx_word' id='word_1_188' title='bbox 583 2057 821 2098; x_wconf 87' lang='lat' dir='ltr'>nobilitatis</span> <span class='ocrx_word' id='word_1_189' title='bbox 853 2057 1067 2111; x_wconf 88' lang='lat' dir='ltr'>agitabat,</span> <span class='ocrx_word' id='word_1_190' title='bbox 1111 2063 1154 2097; x_wconf 91' lang='lat' dir='ltr'>et</span> <span class='ocrx_word' id='word_1_191' title='bbox 1189 2064 1448 2097; x_wconf 86' lang='lat' dir='ltr'>successerat</span> <span class='ocrx_word' id='word_1_192' title='bbox 1485 2055 1688 2109; x_wconf 86' lang='lat' dir='ltr'>Philippo</span> <span class='ocrx_word' id='word_1_193' title='bbox 1716 2053 1832 2094; x_wconf 85' lang='lat' dir='ltr'>filius</span> 
     </span>
    </p>
   </div>
   <div class='ocr_carea' id='block_1_6' title="bbox 297 2254 1838 2971">
    <p class='ocr_par' dir='ltr' id='par_1_6' title="bbox 297 2254 1838 2971">
     <span class='ocr_line' id='line_1_24' title="bbox 305 2254 1832 2304; baseline -0.003 -12"><span class='ocrx_word' id='word_1_194' title='bbox 305 2261 319 2292; x_wconf 92' lang='lat'>1</span> <span class='ocrx_word' id='word_1_195' title='bbox 341 2267 673 2294; x_wconf 80' lang='lat' dir='ltr'><strong>GALLOGRECORVM</strong></span> <span class='ocrx_word' id='word_1_196' title='bbox 689 2266 714 2292; x_wconf 87' lang='lat' dir='ltr'><em>B</em></span> <span class='ocrx_word' id='word_1_197' title='bbox 737 2258 749 2303; x_wconf 89' lang='grc' dir='ltr'>Η</span> <span class='ocrx_word' id='word_1_198' title='bbox 778 2260 797 2292; x_wconf 90' lang='grc'>2</span> <span class='ocrx_word' id='word_1_199' title='bbox 817 2258 1099 2304; x_wconf 80' lang='lat' dir='ltr'>Gallograeciam</span> <span class='ocrx_word' id='word_1_200' title='bbox 1123 2263 1242 2293; x_wconf 86' lang='lat' dir='ltr'>autem</span> <span class='ocrx_word' id='word_1_201' title='bbox 1259 2258 1297 2292; x_wconf 89' lang='lat' dir='ltr'>id</span> <span class='ocrx_word' id='word_1_202' title='bbox 1313 2261 1368 2292; x_wconf 86' lang='lat' dir='ltr'>est</span> <span class='ocrx_word' id='word_1_203' title='bbox 1383 2256 1551 2302; x_wconf 83' lang='lat' dir='ltr'>galatiam</span> <span class='ocrx_word' id='word_1_204' title='bbox 1569 2254 1696 2301; x_wconf 84' lang='lat' dir='ltr'>syriaci</span> <span class='ocrx_word' id='word_1_205' title='bbox 1711 2262 1733 2288; x_wconf 88' lang='grc' dir='ltr'><em>Ι</em></span> <span class='ocrx_word' id='word_1_206' title='bbox 1747 2254 1758 2300; x_wconf 78' lang='grc' dir='ltr'>Η</span> <span class='ocrx_word' id='word_1_207' title='bbox 1776 2265 1832 2300; x_wconf 81' lang='lat' dir='ltr'>sy—</span> 
     </span>
     <span class='ocr_line' id='line_1_25' title="bbox 299 2309 1835 2359; baseline -0.003 -12"><span class='ocrx_word' id='word_1_208' title='bbox 299 2314 417 2348; x_wconf 86' lang='lat' dir='ltr'>riatici</span> <span class='ocrx_word' id='word_1_209' title='bbox 433 2322 466 2348; x_wconf 99' lang='lat' dir='ltr'><strong><em>N</em></strong></span> <span class='ocrx_word' id='word_1_210' title='bbox 480 2315 491 2358; x_wconf 85' lang='grc' dir='ltr'>Η</span> <span class='ocrx_word' id='word_1_211' title='bbox 509 2313 651 2347; x_wconf 89' lang='lat' dir='ltr'>fuerant</span> <span class='ocrx_word' id='word_1_212' title='bbox 665 2322 698 2347; x_wconf 99' lang='lat' dir='ltr'><strong><em>N</em></strong></span> <span class='ocrx_word' id='word_1_213' title='bbox 713 2314 723 2357; x_wconf 84' lang='grc' dir='ltr'>ΙΙ</span> <span class='ocrx_word' id='word_1_214' title='bbox 742 2315 760 2347; x_wconf 90' lang='grc'><strong>3</strong></span> <span class='ocrx_word' id='word_1_215' title='bbox 778 2313 849 2347; x_wconf 85' lang='lat' dir='ltr'>fuit</span> <span class='ocrx_word' id='word_1_216' title='bbox 862 2325 1015 2359; x_wconf 89' lang='lat' dir='ltr'>namque</span> <span class='ocrx_word' id='word_1_217' title='bbox 1031 2323 1060 2355; x_wconf 88' lang='grc' dir='ltr'>Ι,</span> <span class='ocrx_word' id='word_1_218' title='bbox 1080 2314 1207 2348; x_wconf 82' lang='lat' dir='ltr'>fuisset</span> <span class='ocrx_word' id='word_1_219' title='bbox 1230 2321 1263 2348; x_wconf 93' lang='lat' dir='ltr'><strong><em>N</em></strong></span> <span class='ocrx_word' id='word_1_220' title='bbox 1277 2313 1289 2359; x_wconf 84' lang='grc' dir='ltr'>Η</span> <span class='ocrx_word' id='word_1_221' title='bbox 1307 2313 1467 2347; x_wconf 84' lang='lat' dir='ltr'>Manlius</span> <span class='ocrx_word' id='word_1_222' title='bbox 1483 2311 1595 2345; x_wconf 84' lang='lat' dir='ltr'>Vulso</span> <span class='ocrx_word' id='word_1_223' title='bbox 1612 2309 1835 2344; x_wconf 81' lang='lat' dir='ltr'>simulauerit</span> 
     </span>
     <span class='ocr_line' id='line_1_26' title="bbox 302 2365 1829 2411; baseline -0.003 -8"><span class='ocrx_word' id='word_1_224' title='bbox 302 2369 580 2403; x_wconf 75' lang='lat' dir='ltr'>Mommsenius:</span> <span class='ocrx_word' id='word_1_225' title='bbox 613 2369 767 2403; x_wconf 82' lang='lat' dir='ltr'>manlius</span> <span class='ocrx_word' id='word_1_226' title='bbox 799 2369 897 2403; x_wconf 88' lang='lat' dir='ltr'>uisos</span> <span class='ocrx_word' id='word_1_227' title='bbox 921 2370 1145 2404; x_wconf 86' lang='lat' dir='ltr'>simulauerit</span> <span class='ocrx_word' id='word_1_228' title='bbox 1170 2378 1212 2411; x_wconf 87' lang='lat' dir='ltr'>B,</span> <span class='ocrx_word' id='word_1_229' title='bbox 1249 2369 1403 2403; x_wconf 88' lang='lat' dir='ltr'>manlius</span> <span class='ocrx_word' id='word_1_230' title='bbox 1429 2368 1528 2402; x_wconf 88' lang='lat' dir='ltr'>uisus</span> <span class='ocrx_word' id='word_1_231' title='bbox 1555 2365 1778 2400; x_wconf 83' lang='lat' dir='ltr'>simulauerit</span> <span class='ocrx_word' id='word_1_232' title='bbox 1799 2372 1829 2406; x_wconf 81' lang='grc' dir='ltr'>Ι,</span> 
     </span>
     <span class='ocr_line' id='line_1_27' title="bbox 302 2419 1834 2471; baseline -0.003 -13"><span class='ocrx_word' id='word_1_233' title='bbox 302 2425 456 2458; x_wconf 87' lang='lat' dir='ltr'>manlius</span> <span class='ocrx_word' id='word_1_234' title='bbox 474 2436 519 2458; x_wconf 91' lang='lat' dir='ltr'>an</span> <span class='ocrx_word' id='word_1_235' title='bbox 536 2437 596 2459; x_wconf 91' lang='lat' dir='ltr'>eos</span> <span class='ocrx_word' id='word_1_236' title='bbox 614 2425 711 2459; x_wconf 91' lang='lat' dir='ltr'>uisos</span> <span class='ocrx_word' id='word_1_237' title='bbox 729 2425 952 2460; x_wconf 86' lang='lat' dir='ltr'>simulauerit</span> <span class='ocrx_word' id='word_1_238' title='bbox 967 2434 1001 2460; x_wconf 91' lang='grc' dir='ltr'><em>Ν</em></span> <span class='ocrx_word' id='word_1_239' title='bbox 1024 2426 1034 2471; x_wconf 80' lang='grc' dir='ltr'>ΙΙ</span> <span class='ocrx_word' id='word_1_240' title='bbox 1061 2429 1081 2459; x_wconf 88' lang='grc'>4</span> <span class='ocrx_word' id='word_1_241' title='bbox 1099 2425 1249 2460; x_wconf 86' lang='lat' dir='ltr'>dubium</span> <span class='ocrx_word' id='word_1_242' title='bbox 1267 2429 1322 2458; x_wconf 88' lang='lat' dir='ltr'>est</span> <span class='ocrx_word' id='word_1_243' title='bbox 1337 2433 1357 2458; x_wconf 90' lang='lat' dir='ltr'><em>I</em></span> <span class='ocrx_word' id='word_1_244' title='bbox 1381 2425 1391 2470; x_wconf 86' lang='grc' dir='ltr'>Η</span> <span class='ocrx_word' id='word_1_245' title='bbox 1417 2428 1454 2457; x_wconf 89' lang='lat' dir='ltr'>at</span> <span class='ocrx_word' id='word_1_246' title='bbox 1470 2426 1565 2457; x_wconf 86' lang='lat' dir='ltr'>certe</span> <span class='ocrx_word' id='word_1_247' title='bbox 1582 2426 1733 2467; x_wconf 82' lang='lat' dir='ltr'>negatus</span> <span class='ocrx_word' id='word_1_248' title='bbox 1749 2419 1834 2454; x_wconf 74' lang='lat' dir='ltr'>scri-</span> 
     </span>
     <span class='ocr_line' id='line_1_28' title="bbox 297 2475 1834 2527; baseline -0.003 -14"><span class='ocrx_word' id='word_1_249' title='bbox 297 2480 360 2525; x_wconf 78' lang='lat' dir='ltr'>psi</span> <span class='ocrx_word' id='word_1_250' title='bbox 368 2494 378 2512; x_wconf 90' lang='grc'>.·</span> <span class='ocrx_word' id='word_1_251' title='bbox 411 2480 477 2513; x_wconf 90' lang='lat' dir='ltr'>hac</span> <span class='ocrx_word' id='word_1_252' title='bbox 494 2486 593 2525; x_wconf 88' lang='lat' dir='ltr'>perte</span> <span class='ocrx_word' id='word_1_253' title='bbox 611 2485 781 2526; x_wconf 86' lang='lat' dir='ltr'>negatum</span> <span class='ocrx_word' id='word_1_254' title='bbox 800 2481 838 2522; x_wconf 82' lang='lat' dir='ltr'>b,</span> <span class='ocrx_word' id='word_1_255' title='bbox 873 2487 994 2527; x_wconf 88' lang='lat' dir='ltr'>aperte</span> <span class='ocrx_word' id='word_1_256' title='bbox 1011 2486 1163 2527; x_wconf 83' lang='lat' dir='ltr'>negatus</span> <span class='ocrx_word' id='word_1_257' title='bbox 1178 2489 1222 2521; x_wconf 88' lang='lat' dir='ltr'>B,</span> <span class='ocrx_word' id='word_1_258' title='bbox 1254 2485 1349 2514; x_wconf 87' lang='lat' dir='ltr'>certe</span> <span class='ocrx_word' id='word_1_259' title='bbox 1366 2484 1518 2525; x_wconf 83' lang='lat' dir='ltr'>negatus</span> <span class='ocrx_word' id='word_1_260' title='bbox 1534 2486 1567 2513; x_wconf 89' lang='grc' dir='ltr'><em>Ν</em></span> <span class='ocrx_word' id='word_1_261' title='bbox 1581 2479 1592 2524; x_wconf 81' lang='grc' dir='ltr'>Η</span> <span class='ocrx_word' id='word_1_262' title='bbox 1610 2477 1727 2511; x_wconf 89' lang='lat' dir='ltr'>uictor</span> <span class='ocrx_word' id='word_1_263' title='bbox 1741 2484 1766 2510; x_wconf 82' lang='lat' dir='ltr'><em>B</em></span> <span class='ocrx_word' id='word_1_264' title='bbox 1784 2475 1795 2520; x_wconf 83' lang='grc' dir='ltr'>ΙΙ</span> <span class='ocrx_word' id='word_1_265' title='bbox 1814 2477 1834 2508; x_wconf 84' lang='grc'>5</span> 
     </span>
     <span class='ocr_line' id='line_1_29' title="bbox 303 2534 1832 2582; baseline -0.004 -12"><span class='ocrx_word' id='word_1_266' title='bbox 303 2548 376 2570; x_wconf 90' lang='lat' dir='ltr'>non</span> <span class='ocrx_word' id='word_1_267' title='bbox 395 2536 446 2570; x_wconf 81' lang='lat' dir='ltr'>bis</span> <span class='ocrx_word' id='word_1_268' title='bbox 457 2543 482 2569; x_wconf 91' lang='lat' dir='ltr'><em>B</em></span> <span class='ocrx_word' id='word_1_269' title='bbox 500 2536 510 2581; x_wconf 89' lang='grc' dir='ltr'>ΙΙ</span> <span class='ocrx_word' id='word_1_270' title='bbox 529 2536 658 2570; x_wconf 90' lang='lat' dir='ltr'>iterum</span> <span class='ocrx_word' id='word_1_271' title='bbox 673 2545 698 2570; x_wconf 85' lang='lat' dir='ltr'><em>B</em></span> <span class='ocrx_word' id='word_1_272' title='bbox 716 2537 727 2582; x_wconf 82' lang='grc' dir='ltr'>Η</span> <span class='ocrx_word' id='word_1_273' title='bbox 747 2539 764 2570; x_wconf 85' lang='grc'>7</span> <span class='ocrx_word' id='word_1_274' title='bbox 776 2537 1053 2582; x_wconf 78' lang='lat' dir='ltr'>postGallorum</span> <span class='ocrx_word' id='word_1_275' title='bbox 1071 2539 1358 2582; x_wconf 75' lang='lat' dir='ltr'>quaesequuntur</span> <span class='ocrx_word' id='word_1_276' title='bbox 1366 2548 1473 2581; x_wconf 74' lang='lat' dir='ltr'>usque</span> <span class='ocrx_word' id='word_1_277' title='bbox 1482 2534 1531 2569; x_wconf 84' lang='lat' dir='ltr'>ad</span> <span class='ocrx_word' id='word_1_278' title='bbox 1540 2536 1630 2580; x_wconf 74' lang='lat'><em>1²54,</em></span> <span class='ocrx_word' id='word_1_279' title='bbox 1644 2534 1684 2566; x_wconf 89' lang='grc'>16</span> <span class='ocrx_word' id='word_1_280' title='bbox 1695 2535 1832 2565; x_wconf 83' lang='lat' dir='ltr'>euerte-</span> 
     </span>
     <span class='ocr_line' id='line_1_30' title="bbox 303 2586 1836 2638; baseline -0.005 -12"><span class='ocrx_word' id='word_1_281' title='bbox 303 2596 359 2626; x_wconf 86' lang='lat' dir='ltr'>rat</span> <span class='ocrx_word' id='word_1_282' title='bbox 375 2591 431 2626; x_wconf 72' lang='lat' dir='ltr'>hic</span> <span class='ocrx_word' id='word_1_283' title='bbox 447 2591 578 2625; x_wconf 74' lang='lat' dir='ltr'>omittit</span> <span class='ocrx_word' id='word_1_284' title='bbox 592 2599 633 2632; x_wconf 90' lang='grc' dir='ltr'>Ν,</span> <span class='ocrx_word' id='word_1_285' title='bbox 654 2595 781 2636; x_wconf 75' lang='lat' dir='ltr'>etpost</span> <span class='ocrx_word' id='word_1_286' title='bbox 795 2592 951 2638; x_wconf 88' lang='lat' dir='ltr'>perirent</span> <span class='ocrx_word' id='word_1_287' title='bbox 965 2605 989 2638; x_wconf 79' lang='lat' dir='ltr'>p</span> <span class='ocrx_word' id='word_1_288' title='bbox 1007 2595 1062 2635; x_wconf 85' lang='grc'>89,</span> <span class='ocrx_word' id='word_1_289' title='bbox 1083 2595 1125 2627; x_wconf 87' lang='grc'>29</span> <span class='ocrx_word' id='word_1_290' title='bbox 1136 2591 1242 2638; x_wconf 77' lang='lat' dir='ltr'>ponit</span> <span class='ocrx_word' id='word_1_291' title='bbox 1257 2592 1268 2637; x_wconf 84' lang='grc'>11</span> <span class='ocrx_word' id='word_1_292' title='bbox 1287 2592 1417 2637; x_wconf 84' lang='lat' dir='ltr'>quibus</span> <span class='ocrx_word' id='word_1_293' title='bbox 1433 2591 1570 2626; x_wconf 86' lang='lat' dir='ltr'>brenno</span> <span class='ocrx_word' id='word_1_294' title='bbox 1585 2588 1643 2634; x_wconf 76' lang='grc' dir='ltr'>ΝΗ</span> <span class='ocrx_word' id='word_1_295' title='bbox 1660 2586 1836 2633; x_wconf 80' lang='lat' dir='ltr'>graeciam</span> 
     </span>
     <span class='ocr_line' id='line_1_31' title="bbox 304 2641 1834 2695; baseline -0.004 -13"><span class='ocrx_word' id='word_1_296' title='bbox 304 2646 515 2682; x_wconf 86' lang='lat' dir='ltr'>morientem</span> <span class='ocrx_word' id='word_1_297' title='bbox 530 2654 564 2680; x_wconf 89' lang='lat' dir='ltr'><strong><em>N</em></strong></span> <span class='ocrx_word' id='word_1_298' title='bbox 578 2646 588 2691; x_wconf 86' lang='grc' dir='ltr'>Η</span> <span class='ocrx_word' id='word_1_299' title='bbox 609 2648 628 2679; x_wconf 85' lang='grc'>8</span> <span class='ocrx_word' id='word_1_300' title='bbox 646 2646 752 2680; x_wconf 90' lang='lat' dir='ltr'>sicuti</span> <span class='ocrx_word' id='word_1_301' title='bbox 768 2655 793 2680; x_wconf 85' lang='lat' dir='ltr'><em>B</em></span> <span class='ocrx_word' id='word_1_302' title='bbox 811 2647 822 2692; x_wconf 85' lang='grc' dir='ltr'>ΙΙ</span> <span class='ocrx_word' id='word_1_303' title='bbox 840 2653 882 2682; x_wconf 91' lang='lat' dir='ltr'>ut</span> <span class='ocrx_word' id='word_1_304' title='bbox 896 2657 929 2682; x_wconf 89' lang='lat' dir='ltr'><strong><em>N</em></strong></span> <span class='ocrx_word' id='word_1_305' title='bbox 943 2649 954 2694; x_wconf 86' lang='grc' dir='ltr'>Η</span> <span class='ocrx_word' id='word_1_306' title='bbox 973 2651 992 2683; x_wconf 89' lang='grc'>9</span> <span class='ocrx_word' id='word_1_307' title='bbox 1011 2649 1182 2684; x_wconf 85' lang='lat' dir='ltr'>seminam</span> <span class='ocrx_word' id='word_1_308' title='bbox 1198 2657 1224 2683; x_wconf 87' lang='lat' dir='ltr'><em>B</em></span> <span class='ocrx_word' id='word_1_309' title='bbox 1241 2648 1252 2695; x_wconf 82' lang='grc'>11</span> <span class='ocrx_word' id='word_1_310' title='bbox 1271 2648 1420 2694; x_wconf 87' lang='lat' dir='ltr'>genuita</span> <span class='ocrx_word' id='word_1_311' title='bbox 1434 2646 1492 2692; x_wconf 83' lang='grc' dir='ltr'>ΝΗ</span> <span class='ocrx_word' id='word_1_312' title='bbox 1515 2649 1550 2680; x_wconf 83' lang='grc'>11</span> <span class='ocrx_word' id='word_1_313' title='bbox 1570 2648 1704 2680; x_wconf 88' lang='lat' dir='ltr'>auentu</span> <span class='ocrx_word' id='word_1_314' title='bbox 1720 2649 1745 2675; x_wconf 85' lang='lat' dir='ltr'><em>B</em></span> <span class='ocrx_word' id='word_1_315' title='bbox 1762 2641 1773 2686; x_wconf 89' lang='grc' dir='ltr'>ΙΙ</span> <span class='ocrx_word' id='word_1_316' title='bbox 1795 2643 1834 2675; x_wconf 85' lang='grc'>12</span> 
     </span>
     <span class='ocr_line' id='line_1_32' title="bbox 305 2698 1831 2750; baseline -0.003 -13"><span class='ocrx_word' id='word_1_317' title='bbox 305 2702 530 2748; x_wconf 87' lang='lat' dir='ltr'>coloscobegi</span> <span class='ocrx_word' id='word_1_318' title='bbox 545 2709 582 2742; x_wconf 81' lang='lat' dir='ltr'>B,</span> <span class='ocrx_word' id='word_1_319' title='bbox 603 2701 825 2747; x_wconf 85' lang='lat' dir='ltr'>colosobegit</span> <span class='ocrx_word' id='word_1_320' title='bbox 840 2711 861 2736; x_wconf 88' lang='grc' dir='ltr'><strong><em>Ι</em></strong></span> <span class='ocrx_word' id='word_1_321' title='bbox 875 2703 886 2748; x_wconf 86' lang='grc' dir='ltr'>ΙΙ</span> <span class='ocrx_word' id='word_1_322' title='bbox 905 2704 1221 2750; x_wconf 75' lang='lat' dir='ltr'>solostologiorum</span> <span class='ocrx_word' id='word_1_323' title='bbox 1237 2703 1411 2750; x_wconf 81' lang='lat' dir='ltr'>tectosagi</span> <span class='ocrx_word' id='word_1_324' title='bbox 1426 2711 1460 2737; x_wconf 90' lang='lat' dir='ltr'><strong><em>N</em></strong></span> <span class='ocrx_word' id='word_1_325' title='bbox 1473 2703 1485 2748; x_wconf 91' lang='grc' dir='ltr'>Η</span> <span class='ocrx_word' id='word_1_326' title='bbox 1513 2703 1552 2736; x_wconf 84' lang='grc'>13</span> <span class='ocrx_word' id='word_1_327' title='bbox 1568 2700 1762 2746; x_wconf 84' lang='lat' dir='ltr'>magabant</span> <span class='ocrx_word' id='word_1_328' title='bbox 1777 2707 1802 2733; x_wconf 85' lang='grc' dir='ltr'><em>Β</em></span> <span class='ocrx_word' id='word_1_329' title='bbox 1819 2698 1831 2745; x_wconf 87' lang='grc' dir='ltr'>Η</span> 
     </span>
     <span class='ocr_line' id='line_1_33' title="bbox 304 2755 1837 2805; baseline -0.003 -11"><span class='ocrx_word' id='word_1_330' title='bbox 304 2759 413 2794; x_wconf 87' lang='lat' dir='ltr'>atiam</span> <span class='ocrx_word' id='word_1_331' title='bbox 429 2767 462 2793; x_wconf 91' lang='lat' dir='ltr'><strong><em>N</em></strong></span> <span class='ocrx_word' id='word_1_332' title='bbox 476 2758 487 2803; x_wconf 84' lang='grc' dir='ltr'>Η</span> <span class='ocrx_word' id='word_1_333' title='bbox 505 2757 576 2792; x_wconf 89' lang='lat' dir='ltr'>acti</span> <span class='ocrx_word' id='word_1_334' title='bbox 599 2764 633 2791; x_wconf 97' lang='lat' dir='ltr'><strong><em>N</em></strong></span> <span class='ocrx_word' id='word_1_335' title='bbox 647 2756 657 2802; x_wconf 85' lang='grc' dir='ltr'>Η</span> <span class='ocrx_word' id='word_1_336' title='bbox 679 2759 718 2790; x_wconf 87' lang='grc'>14</span> <span class='ocrx_word' id='word_1_337' title='bbox 745 2757 889 2802; x_wconf 84' lang='lat' dir='ltr'>quidam</span> <span class='ocrx_word' id='word_1_338' title='bbox 912 2759 1077 2804; x_wconf 77' lang='lat' dir='ltr'>Lipsius:</span> <span class='ocrx_word' id='word_1_339' title='bbox 1104 2760 1259 2805; x_wconf 90' lang='lat' dir='ltr'>quodam</span> <span class='ocrx_word' id='word_1_340' title='bbox 1282 2767 1358 2794; x_wconf 82' lang='grc' dir='ltr'>ΒΙΝ</span> <span class='ocrx_word' id='word_1_341' title='bbox 1372 2759 1383 2805; x_wconf 83' lang='grc' dir='ltr'>ΙΙ</span> <span class='ocrx_word' id='word_1_342' title='bbox 1405 2761 1443 2793; x_wconf 90' lang='grc'>15</span> <span class='ocrx_word' id='word_1_343' title='bbox 1469 2761 1593 2792; x_wconf 77' lang='lat' dir='ltr'>catena</span> <span class='ocrx_word' id='word_1_344' title='bbox 1613 2764 1639 2791; x_wconf 82' lang='lat' dir='ltr'><em>B</em></span> <span class='ocrx_word' id='word_1_345' title='bbox 1657 2755 1668 2802; x_wconf 85' lang='grc' dir='ltr'>Η</span> <span class='ocrx_word' id='word_1_346' title='bbox 1686 2755 1837 2790; x_wconf 84' lang='lat' dir='ltr'>effocan-</span> 
     </span>
     <span class='ocr_line' id='line_1_34' title="bbox 306 2811 1834 2860; baseline -0.003 -12"><span class='ocrx_word' id='word_1_347' title='bbox 306 2816 369 2849; x_wconf 90' lang='lat' dir='ltr'>das</span> <span class='ocrx_word' id='word_1_348' title='bbox 385 2823 422 2856; x_wconf 84' lang='lat' dir='ltr'>B,</span> <span class='ocrx_word' id='word_1_349' title='bbox 443 2813 647 2849; x_wconf 83' lang='lat' dir='ltr'>offucandas</span> <span class='ocrx_word' id='word_1_350' title='bbox 663 2821 683 2846; x_wconf 92' lang='grc' dir='ltr'><em>Ι</em></span> <span class='ocrx_word' id='word_1_351' title='bbox 698 2813 709 2858; x_wconf 82' lang='grc' dir='ltr'>Η</span> <span class='ocrx_word' id='word_1_352' title='bbox 732 2815 770 2847; x_wconf 87' lang='grc'>16</span> <span class='ocrx_word' id='word_1_353' title='bbox 790 2813 1007 2858; x_wconf 85' lang='lat' dir='ltr'>orgiacontis</span> <span class='ocrx_word' id='word_1_354' title='bbox 1030 2816 1124 2860; x_wconf 85' lang='lat' dir='ltr'>regis</span> <span class='ocrx_word' id='word_1_355' title='bbox 1148 2823 1182 2848; x_wconf 88' lang='lat' dir='ltr'><strong><em>N</em></strong></span> <span class='ocrx_word' id='word_1_356' title='bbox 1196 2815 1207 2860; x_wconf 86' lang='grc' dir='ltr'>Η</span> <span class='ocrx_word' id='word_1_357' title='bbox 1236 2817 1275 2848; x_wconf 88' lang='grc'>17</span> <span class='ocrx_word' id='word_1_358' title='bbox 1294 2818 1456 2859; x_wconf 82' lang='lat' dir='ltr'>stuprata</span> <span class='ocrx_word' id='word_1_359' title='bbox 1479 2811 1627 2857; x_wconf 71' lang='lat' dir='ltr'>scripsi.-</span> <span class='ocrx_word' id='word_1_360' title='bbox 1653 2816 1834 2856; x_wconf 86' lang='lat' dir='ltr'>struprum</span> 
     </span>
     <span class='ocr_line' id='line_1_35' title="bbox 305 2867 1838 2916; baseline -0.003 -11"><span class='ocrx_word' id='word_1_361' title='bbox 305 2879 329 2905; x_wconf 83' lang='lat' dir='ltr'><em>B</em></span> <span class='ocrx_word' id='word_1_362' title='bbox 340 2898 347 2912; x_wconf 87' lang='lat'>‚</span> <span class='ocrx_word' id='word_1_363' title='bbox 369 2875 533 2916; x_wconf 84' lang='lat' dir='ltr'>stuprum</span> <span class='ocrx_word' id='word_1_364' title='bbox 549 2880 653 2916; x_wconf 82' lang='lat' dir='ltr'>passa</span> <span class='ocrx_word' id='word_1_365' title='bbox 667 2874 702 2902; x_wconf 93' lang='lat' dir='ltr'><strong><em>N</em></strong></span> <span class='ocrx_word' id='word_1_366' title='bbox 714 2868 726 2914; x_wconf 87' lang='grc' dir='ltr'>ΙΙ</span> <span class='ocrx_word' id='word_1_367' title='bbox 743 2869 996 2914; x_wconf 86' lang='lat' dir='ltr'>reuolsumque</span> <span class='ocrx_word' id='word_1_368' title='bbox 1013 2869 1136 2904; x_wconf 86' lang='lat' dir='ltr'>militis</span> <span class='ocrx_word' id='word_1_369' title='bbox 1154 2875 1262 2915; x_wconf 85' lang='lat' dir='ltr'>caput</span> <span class='ocrx_word' id='word_1_370' title='bbox 1276 2878 1309 2904; x_wconf 90' lang='lat' dir='ltr'><strong><em>N</em></strong></span> <span class='ocrx_word' id='word_1_371' title='bbox 1323 2870 1334 2914; x_wconf 89' lang='grc' dir='ltr'>Η</span> <span class='ocrx_word' id='word_1_372' title='bbox 1356 2872 1395 2903; x_wconf 87' lang='grc'>18</span> <span class='ocrx_word' id='word_1_373' title='bbox 1412 2867 1567 2902; x_wconf 86' lang='lat' dir='ltr'>rettullit</span> <span class='ocrx_word' id='word_1_374' title='bbox 1582 2875 1615 2901; x_wconf 89' lang='lat' dir='ltr'><strong><em>N</em></strong></span> <span class='ocrx_word' id='word_1_375' title='bbox 1629 2867 1639 2911; x_wconf 83' lang='grc' dir='ltr'>Η</span> <span class='ocrx_word' id='word_1_376' title='bbox 1662 2869 1701 2900; x_wconf 88' lang='grc'>19</span> <span class='ocrx_word' id='word_1_377' title='bbox 1718 2875 1838 2901; x_wconf 72' lang='lat' dir='ltr'>MACE-</span> 
     </span>
     <span class='ocr_line' id='line_1_36' title="bbox 305 2922 1833 2971; baseline -0.003 -10"><span class='ocrx_word' id='word_1_378' title='bbox 305 2936 438 2961; x_wconf 81' lang='lat' dir='ltr'><strong><em>DONVM</em></strong></span> <span class='ocrx_word' id='word_1_379' title='bbox 455 2935 487 2961; x_wconf 94' lang='lat' dir='ltr'><strong><em>N</em></strong></span> <span class='ocrx_word' id='word_1_380' title='bbox 503 2927 512 2971; x_wconf 90' lang='grc' dir='ltr'>ΙΙ</span> <span class='ocrx_word' id='word_1_381' title='bbox 531 2928 574 2960; x_wconf 82' lang='grc'>20</span> <span class='ocrx_word' id='word_1_382' title='bbox 592 2924 748 2970; x_wconf 84' lang='lat' dir='ltr'>syriatici</span> <span class='ocrx_word' id='word_1_383' title='bbox 760 2931 791 2958; x_wconf 92' lang='lat' dir='ltr'><strong><em>N</em></strong></span> <span class='ocrx_word' id='word_1_384' title='bbox 807 2924 818 2970; x_wconf 85' lang='grc' dir='ltr'>Η</span> <span class='ocrx_word' id='word_1_385' title='bbox 835 2923 921 2958; x_wconf 88' lang='lat' dir='ltr'>belli</span> <span class='ocrx_word' id='word_1_386' title='bbox 939 2924 1022 2958; x_wconf 71' lang='lat' dir='ltr'>(³sz</span> <span class='ocrx_word' id='word_1_387' title='bbox 1040 2925 1050 2970; x_wconf 84' lang='grc' dir='ltr'>Η</span> <span class='ocrx_word' id='word_1_388' title='bbox 1069 2930 1302 2970; x_wconf 73' lang='lat' dir='ltr'>sequuntur-B</span> <span class='ocrx_word' id='word_1_389' title='bbox 1320 2925 1330 2969; x_wconf 87' lang='grc' dir='ltr'>Η</span> <span class='ocrx_word' id='word_1_390' title='bbox 1349 2926 1386 2957; x_wconf 82' lang='grc'>21</span> <span class='ocrx_word' id='word_1_391' title='bbox 1411 2936 1446 2958; x_wconf 90' lang='lat' dir='ltr'>se</span> <span class='ocrx_word' id='word_1_392' title='bbox 1464 2935 1518 2956; x_wconf 84' lang='lat' dir='ltr'>om</span> <span class='ocrx_word' id='word_1_393' title='bbox 1528 2931 1564 2964; x_wconf 83' lang='lat' dir='ltr'>B,</span> <span class='ocrx_word' id='word_1_394' title='bbox 1585 2935 1621 2957; x_wconf 92' lang='lat' dir='ltr'>se</span> <span class='ocrx_word' id='word_1_395' title='bbox 1638 2934 1760 2957; x_wconf 82' lang='lat' dir='ltr'>rursus</span> <span class='ocrx_word' id='word_1_396' title='bbox 1775 2930 1809 2956; x_wconf 93' lang='lat' dir='ltr'><strong><em>N</em></strong></span> <span class='ocrx_word' id='word_1_397' title='bbox 1822 2922 1833 2967; x_wconf 79' lang='grc' dir='ltr'>Η</span> 
     </span>
    </p>
   </div>
  </div>
 </body>
</html>
