2002 3320
217 713 243 752 6

219 1535 242 1573 7

267 251 317 290 10
908 262 1001 292 1vL1
1023 264 1153 292 nom

261 361 441 416 populos
469 360 761 414 frequentibus
781 360 909 403 armis
939 362 1122 417 subegit.
1177 362 1276 403 inde
1303 362 1437 404 fasces
1467 364 1636 404 trabeae
1665 377 1787 405 curu-
1817 364 1850 405 I

263 431 325 472 les
363 429 482 470 anuli
516 430 715 484 phalerae
743 431 1047 484 paludamenta
1081 438 1350 486 praetextae,
1392 432 1491 474 inde
1519 434 1631 487 quod
1663 447 1791 475 aureo

265 515 413 549 curru,
437 505 638 553 quattuor
657 499 776 554 equis
797 499 1101 555 triumphatur,
1125 507 1248 556 togae
1267 501 1406 556 pictae
1427 502 1681 556 tunicaeque
1700 503 1790 558 pal-

264 576 418 619 matae,
442 569 585 610 omnia
604 569 786 624 denique
807 561 958 610 decora
978 576 1020 610 et
1039 569 1248 625 insignia,
1281 570 1434 624 quibus
1464 571 1632 626 imperii
1652 572 1790 627 digni-

264 646 329 680 tas
351 638 524 689 eminet,
548 640 772 694 adsumpta
792 645 906 680 sunt.
1815 651 1834 682 5

382 708 556 750 Seruius
586 709 755 750 Tullius
785 708 983 763 deinceps
1019 710 1310 763 gubernacula
1331 711 1448 752 urbis
1482 711 1676 762 inuadit,
1713 726 1792 753 nec

267 779 501 820 obscuritas
522 778 710 819 inhibuit
731 779 926 832 quamuis
946 786 1080 820 matre
1102 794 1226 821 serua
1245 784 1446 821 creatum.
1471 794 1572 822 nam
1591 781 1792 823 eximiam

264 848 452 889 indolem
470 863 577 889 uxor
597 848 818 902 Tarquinii
839 848 1052 903 Tanaquil
1071 849 1301 890 liberaliter
1327 851 1582 891 educauerat
1594 881 1606 899 ,
1639 858 1682 891 et
1706 851 1790 892 cla-

264 933 359 959 rum
388 919 476 959 fore
505 918 595 959 visa
626 918 737 959 circa
766 925 895 973 caput
923 919 1095 960 flamma
1122 919 1386 974 promiserat.
1422 933 1520 974 ergo
1549 919 1659 960 inter
1688 921 1791 962 Tar-

265 988 402 1042 quinii
421 995 601 1030 mortem
623 988 843 1029 adnitente
862 989 1011 1043 regina
1031 989 1290 1030 substitutus
1311 989 1358 1030 in
1377 990 1518 1031 locum
1537 989 1649 1044 regis
1670 990 1792 1044 quasi
1820 998 1863 1031 10
1904 990 1907 991 ⁷

264 1058 310 1098 in
331 1065 523 1112 tempus,
555 1072 737 1112 regnum
757 1058 854 1099 dolo
873 1065 1042 1113 partum
1064 1058 1123 1099 sie
1144 1059 1232 1112 egit
1250 1060 1460 1101 industrie
1495 1067 1544 1101 ut
1573 1060 1666 1101 iure
1695 1061 1791 1101 ade·

263 1134 364 1182 ptus
385 1127 615 1169 uideretur.
649 1129 701 1169 ab
721 1129 802 1169 hoc
821 1128 1006 1182 populus
1027 1129 1248 1170 Romanus
1269 1129 1429 1170 relatus
1449 1129 1495 1170 in
1515 1143 1705 1179 censum,
1729 1130 1790 1170 di-

265 1204 410 1252 gestus
431 1197 478 1237 in
497 1198 677 1248 classes,
710 1197 890 1239 decuriis
920 1199 1057 1252 adque
1087 1198 1276 1252 collegiis
1297 1198 1549 1239 distributus
1562 1231 1575 1248 ,
1606 1213 1790 1240 summa-

266 1281 347 1321 que
367 1267 478 1321 regis
499 1267 686 1308 sollertia
705 1267 767 1308 ita
786 1275 850 1309 est
871 1268 1065 1309 ordinata
1090 1282 1156 1308 res
1183 1268 1381 1322 publica,
1414 1276 1463 1309 ut
1492 1269 1634 1310 omnia
1662 1267 1791 1323 patri-

265 1337 399 1378 monii
419 1337 641 1391 dignitatis
662 1337 812 1378 aetatis
835 1337 992 1378 artium
1008 1337 1323 1392 officiorumque
1340 1338 1585 1379 discrimina
1603 1339 1649 1379 in
1670 1340 1791 1380 tabu·
1821 1347 1862 1379 15

265 1407 328 1447 las
348 1407 625 1456 referrentur,
649 1422 698 1448 ac
720 1407 780 1448 sic
799 1408 986 1448 maxima
1006 1407 1158 1448 ciuitas
1178 1406 1379 1448 minimae
1400 1409 1550 1449 domus
1571 1409 1794 1463 diligentia

267 1476 568 1517 contineretur.

380 1549 626 1589 Postremus
647 1547 730 1587 fuit
750 1547 942 1589 omnium
969 1561 1120 1601 regum
1146 1546 1428 1601 Tarquinius,
1460 1547 1530 1588 cui
1560 1562 1795 1602 cognomen

267 1618 459 1671 Superbo
481 1632 533 1658 ex
551 1617 740 1658 moribus
769 1619 931 1658 datum.
964 1617 1035 1657 hic
1049 1631 1229 1670 regnum
1250 1616 1438 1666 auitum,
1463 1619 1575 1671 quod
1596 1632 1621 1658 a
1641 1618 1792 1659 Seruio

265 1688 490 1728 tenebatur
505 1718 515 1736 ‚
547 1701 693 1741 rapere
722 1688 876 1728 maluit
914 1701 1043 1741 quam
1080 1693 1326 1740 expectare,
1365 1686 1590 1741 missisque
1616 1687 1662 1727 in
1693 1702 1792 1729 eum
1818 1696 1863 1729 20

262 1757 580 1812 percussoribus
602 1757 757 1798 scelere
776 1762 943 1811 partam
967 1744 1223 1811 potestatem
1249 1770 1337 1797 non
1365 1756 1518 1797 melius
1548 1756 1636 1811 egit
1664 1771 1793 1811 quam

264 1826 564 1881 adquisiuerat.
597 1841 677 1868 nec
697 1827 948 1868 abhorrebat
967 1826 1155 1867 moribus
1176 1840 1283 1866 uxor
1303 1825 1471 1875 Tullia,
1504 1840 1636 1881 quae,
1659 1834 1708 1868 ut
1718 1827 1792 1868 -ui-

262 1911 359 1937 rum
385 1911 529 1951 regem
564 1897 794 1946 salutaret,
827 1910 955 1951 supra
984 1902 1210 1937 cruentum
1238 1902 1403 1951 patrem
1440 1903 1566 1937 uecta
1593 1904 1794 1952 carpento

263 1973 553 2008 consternatos
575 1981 705 2021 equos
726 1966 882 2020 exegit.
908 1972 972 2007 set
991 1966 1082 2020 ipse
1101 1965 1148 2006 in
1169 1973 1365 2007 senatum
1386 1966 1586 2007 caedibus
1600 1998 1613 2016 ,
1635 1966 1681 2006 in
1701 1966 1791 2020 ple-

261 2038 361 2078 bem
375 2036 639 2085 uerberibus,
662 2036 708 2076 in
729 2035 865 2077 omnis
886 2035 1106 2090 superbia,
1140 2049 1247 2089 quae
1268 2035 1518 2076 crudelitate
1536 2035 1709 2089 grauior
1728 2042 1793 2076 est
1818 2043 1862 2075 25

262 2106 385 2148 bonis
397 2139 410 2156 ,
433 2113 648 2161 grassatus
662 2137 675 2155 ,
699 2120 797 2146 cum
817 2105 1040 2146 saeuitiam
1055 2105 1170 2146 domi
1190 2104 1434 2158 fatigasset,
1459 2106 1631 2145 tandem
1650 2104 1696 2145 in
1715 2105 1791 2146 ho·

263 2183 349 2217 stes
379 2190 610 2217 conuersus
641 2183 718 2216 est.
754 2175 813 2216 sic
834 2175 978 2216 ualida
1009 2174 1165 2228 oppida
1202 2174 1316 2215 Latii
1347 2180 1471 2228 capta
1498 2181 1621 2224 sunt,
1651 2175 1793 2215 Ardea

261 2246 506 2288 Ocricolum
526 2245 655 2288 Gabii
677 2246 833 2286 Suessa
853 2244 1059 2286 Pometia.
1086 2251 1178 2285 tum
1198 2258 1365 2298 quoque
1386 2252 1586 2285 cruentus
1607 2244 1653 2285 in
1674 2259 1787 2286 suos.

262 2331 399 2370 neque
421 2316 535 2357 enim
554 2315 692 2356 filium
707 2315 927 2356 uerberare
948 2314 1187 2364 dubitauit,
1218 2320 1267 2355 ut
1288 2313 1507 2355 simulanti
1528 2314 1794 2368 transfugam

262 2392 366 2439 aput
386 2385 519 2427 hostis
540 2385 642 2426 hinc
667 2387 772 2427 fides
794 2391 917 2426 esset.
951 2384 1021 2425 cui
1042 2384 1215 2434 Gabiis,
1249 2391 1298 2425 ut
1313 2384 1506 2425 uoluerat
1519 2376 1730 2438 ,'recepto
1749 2389 1792 2424 et
1819 2391 1863 2424 30

263 2556 283 2588 2
297 2553 449 2587 falaerae
459 2561 491 2586 N
506 2554 516 2598 Η
535 2557 760 2598 praetextaN
775 2553 786 2598 Η
806 2555 825 2587 3
837 2564 940 2587 curro
951 2561 975 2587 Β
993 2553 1003 2598 Η
1024 2556 1042 2587 5
1052 2553 1241 2597 adsumpta
1251 2557 1336 2586 sunt
1351 2550 1489 2595 scripsi:
1508 2562 1549 2584 ea
1556 2555 1698 2595 sumpta
1707 2554 1793 2584 sumt

263 2618 306 2651 B,
327 2614 470 2654 sumpta
487 2613 572 2642 sunt
595 2617 634 2650 I,
662 2621 717 2642 om
733 2617 766 2642 N
789 2610 799 2653 Η
832 2612 850 2642 8
869 2609 1037 2643 educarat
1051 2617 1083 2643 N
1099 2609 1110 2654 Η
1132 2610 1172 2643 10
1189 2608 1410 2643 adnitentem
1428 2609 1448 2642 b
1466 2608 1476 2653 Η
1495 2606 1597 2652 quasi
1614 2617 1686 2639 non
1703 2611 1791 2640 tem-

264 2678 331 2711 pus
346 2665 397 2706 ΙΡ,
428 2665 530 2710 quasi
554 2669 696 2709 tempus
712 2673 744 2698 N
767 2665 778 2709 Η
800 2667 837 2698 13
857 2665 967 2699 clases
983 2673 1008 2699 B
1026 2666 1036 2711 Η
1055 2665 1162 2699 curiis
1178 2673 1209 2699 N
1226 2665 1236 2710 Η
1259 2667 1298 2698 14
1316 2663 1528 2709 patrimonia
1547 2663 1566 2696 b
1584 2663 1595 2707 Η
1617 2664 1654 2695 15
1674 2661 1790 2713 digni-

263 2729 318 2756 tas
333 2730 358 2756 B
376 2722 386 2767 Η
409 2723 448 2754 16
465 2732 505 2755 ac
523 2721 552 2754 si
568 2729 594 2754 B
612 2722 622 2766 Η
643 2723 683 2754 18
702 2721 861 2755 omnium
879 2721 949 2755 fuit
964 2730 996 2755 N
1011 2721 1021 2766 Η
1040 2733 1121 2756 cum
1137 2730 1162 2755 B
1180 2723 1191 2767 Η
1218 2724 1261 2756 20
1278 2719 1504 2765 inmissisque
1521 2727 1553 2752 N
1568 2720 1578 2764 Η
1598 2721 1640 2752 22
1658 2715 1789 2763 adque-

263 2778 418 2812 sieratw
432 2777 444 2822 Η
462 2779 504 2811 24
522 2777 597 2822 egit
612 2785 645 2810 N
659 2777 670 2821 Η
697 2777 733 2810 in
751 2777 890 2821 plebem
909 2778 1118 2812 uerberibus
1135 2790 1190 2812 om
1206 2785 1239 2811 N
1261 2777 1272 2821 Η
1298 2779 1340 2810 25
1359 2775 1525 2821 superbia
1541 2779 1648 2820 atque
1666 2775 1790 2808 crude-

262 2834 363 2868 litate
378 2842 411 2868 N
426 2834 436 2879 Η
456 2836 498 2868 26
517 2833 715 2868 saeuitiiam
731 2842 763 2867 N
789 2833 800 2877 Η
827 2835 867 2866 27
889 2833 1020 2878 oppida
1037 2833 1131 2866 Latii
1148 2832 1353 2877 Hauptiue:
1372 2831 1504 2876 oppida
1519 2830 1624 2864 Latio
1639 2839 1682 2872 B,
1703 2830 1790 2865 latio

264 2890 396 2935 oppida
411 2899 439 2932 Ι,
463 2889 596 2935 oppida
612 2889 649 2923 in
665 2889 752 2923 latio
769 2897 801 2923 N
815 2890 826 2934 Η
846 2891 887 2922 25
906 2889 1021 2933 grauii
1039 2897 1062 2922 B
1081 2889 1091 2933 Η
1110 2900 1206 2922 sessa
1221 2897 1246 2923 B
1273 2889 1283 2933 Η
1312 2892 1353 2922 30
1371 2887 1491 2921 hostes
1508 2895 1558 2921 IN
1572 2887 1583 2931 Η
1602 2898 1674 2932 quo
1691 2899 1712 2921 a
1728 2899 1788 2932 ga-

264 2945 332 2979 uiis
349 2954 402 2986 Bl,
424 2946 481 2980 cui
498 2945 623 2990 gabios
640 2953 672 2980 N
687 2946 697 2990 Η
716 2950 877 2991 receptos
893 2953 922 2978 N
941 2947 950 2986 Η
973 2979 979 2987 ,
