2002 3320
36 3005 48 3014 Ι

622 262 816 292 ΕΡιΤοΜΛ
838 263 872 298 1,
895 256 1043 289 28--31
1068 249 1138 304 [11‚
1165 250 1344 305 12—15].
1704 250 1758 290 49

222 362 430 404 Thraciae
449 375 620 416 quoque
641 361 818 403 auxiliis
838 360 1086 416 ingentibus
1116 361 1311 402 ualidum
1342 369 1499 402 temere
1530 361 1759 415 temptauit

222 432 441 474 inualidus
462 438 591 486 atque
610 446 699 472 non
719 446 745 472 a
774 432 887 474 ueris
915 431 1086 486 regibus
1101 462 1113 480 ,
1148 432 1222 472 sed
1251 431 1306 472 ab
1333 430 1408 471 illo
1433 430 1687 485 imaginario
1718 438 1761 471 et

222 501 418 545 scaenico
438 515 538 555 rege
559 508 784 556 superatus
806 508 886 543 est.
921 502 996 542 sed
1024 501 1200 542 consule
1230 500 1407 542 Metello
1436 500 1643 542 amissum
1662 515 1761 542 cum

223 572 390 627 legione
426 578 664 625 praetorem
698 571 946 625 plenissime
973 571 1092 612 ultus
1121 578 1200 611 est.
1251 584 1354 611 nam
1382 577 1425 610 et
1460 570 1761 611 Macedoniam

180 651 200 682 5
227 640 435 682 seruitute
454 640 661 682 multauit
681 647 724 681 et
744 642 898 682 ducem
916 640 1020 682 belli
1040 639 1235 682 deditum
1264 640 1317 680 ab
1347 653 1397 680 eo
1432 640 1486 680 ad
1513 654 1642 694 quem
1661 655 1760 682 con-

158 1172 199 1204 10

156 1522 197 1554 15

154 1871 198 1904 20

158 2221 202 2254 25

221 711 390 765 fugerat
410 711 617 752 Thraciae
649 711 796 765 regulo
822 710 869 751 in
899 711 1049 751 urbem
1068 710 1116 750 in
1135 709 1297 751 catenis
1326 708 1521 759 reduxit,
1554 710 1635 750 hoc
1657 724 1759 764 quo-

223 794 306 835 que
326 780 391 821 illi
411 780 457 820 in
477 780 602 821 malis
625 780 714 822 suis
744 779 998 834 indulgente
1027 779 1201 821 fortuna
1229 786 1279 821 ut
1307 780 1359 821 de
1387 793 1437 820 eo
1466 778 1652 832 populus
1673 779 1759 819 Ro-

223 864 378 891 manus
400 850 523 904 quasi
543 851 595 891 de
615 864 713 904 rege
733 864 836 892 uero
857 849 1153 904 triumpharet.

450 1021 629 1061 XXXI.
663 1020 909 1061 BELLVM
931 1019 1209 1061 PVNICVM
1231 1019 1523 1059 TERTIVM.

227 1164 421 1206 Tertium
441 1164 658 1206 Punicum
676 1164 840 1205 bellum
860 1171 903 1205 et
931 1171 1120 1218 tempore
1150 1163 1357 1218 exiguum
1386 1165 1512 1216 (nam
1534 1161 1758 1216 quadrien·
1776 1177 1829 1209 11,
1854 1165 1905 1204 15

224 1234 297 1276 nio
318 1241 489 1289 raptum
509 1236 601 1288 est)
631 1241 674 1275 et
701 1234 748 1275 in
778 1233 1139 1289 comparationem
1158 1233 1350 1288 priorum
1370 1232 1599 1274 minimum
1619 1233 1762 1273 labore

225 1306 331 1358 (non
351 1304 468 1346 enim
487 1311 577 1346 tam
604 1319 704 1345 cum
733 1303 837 1345 uiris
867 1318 996 1359 quam
1024 1318 1123 1345 cum
1153 1302 1246 1358 ipsa
1274 1303 1379 1344 urbe
1406 1310 1649 1358 pugnatum
1678 1304 1761 1356 est)

224 1381 268 1416 et
286 1375 414 1429 plane
433 1374 672 1415 maximum
692 1381 876 1415 euentu:
911 1373 1068 1428 quippe
1095 1374 1271 1414 tandem
1291 1373 1506 1428 Carthago
1534 1373 1659 1414 finita
1679 1380 1757 1414 est.

223 1444 383 1499 adquin
424 1444 462 1485 si
497 1443 592 1498 quis
628 1443 760 1485 trium
797 1451 1039 1498 temporum
1077 1450 1294 1484 momenta
1323 1443 1560 1495 consideret
1573 1476 1586 1493 ,
1618 1443 1759 1498 ,primo

226 1514 500 1555 commissum
519 1521 584 1555 est
614 1513 830 1555 Punicum
857 1513 1046 1563 bellum,
1082 1512 1358 1568 profligatum
1386 1514 1596 1562 secundo,
1635 1511 1760 1553 tertio

226 1598 326 1625 uero
347 1583 591 1625 confectum
609 1591 688 1625 est.
722 1584 797 1625 sed
815 1583 948 1625 huius
969 1598 1099 1625 causa
1118 1583 1246 1633 belli,
1277 1584 1391 1638 quod
1411 1590 1559 1624 contra
1578 1581 1759 1623 foederis

224 1653 364 1708 legem
383 1654 587 1695 aduersus
608 1653 821 1695 Numidas
842 1653 1030 1708 quidem,
1053 1654 1128 1694 sed
1146 1659 1369 1707 parassent
1389 1653 1568 1694 classem
1583 1659 1626 1693 et
1642 1667 1759 1693 exer-

226 1722 374 1764 citum.
407 1723 606 1778 frequens
628 1731 773 1765 autem
794 1722 1048 1765 Massinissa
1075 1722 1175 1764 finis
1206 1721 1428 1763 territabat
1439 1738 1451 1771 3
1487 1723 1561 1763 sed
1588 1722 1689 1762 huic
1711 1730 1760 1762 ut

224 1794 338 1834 bono
359 1793 555 1849 socioque
576 1794 668 1849 regi
687 1794 926 1835 fauebatur.
951 1807 1050 1834 cum
1069 1793 1122 1833 de
1140 1792 1253 1833 bello
1275 1793 1455 1842 sederet,
1478 1793 1530 1833 de
1550 1791 1654 1832 belli
1674 1793 1760 1832 fine

226 1870 455 1904 tractatum
475 1870 552 1905 est.
587 1865 694 1905 Cato
713 1862 965 1918 inexpiabili
985 1862 1081 1904 odio
1101 1862 1327 1904 delendam
1343 1876 1434 1904 esse
1455 1862 1761 1917 Carthaginem

227 1940 270 1974 et
289 1947 389 1974 cum
408 1934 461 1974 de
482 1933 566 1974 alio
586 1934 878 1975 consuleretur
897 1932 1220 1989 pronuntiabat,
1244 1932 1388 1988 Scipio
1409 1924 1569 1974 Nasica
1589 1947 1759 1974 seruan-

227 2004 341 2054 dam,
363 2017 418 2044 ne
438 2010 558 2044 metu
578 2003 720 2046 ablato
741 2004 932 2046 aemulae
959 2002 1169 2044 luxuriari
1188 2002 1369 2044 felicitas
1390 2003 1508 2044 urbis
1528 2002 1735 2057 inciperet
1745 2018 1756 2051 ;

226 2066 611 2116 medium'senatus
632 2074 787 2129 elegit,
825 2081 875 2115 ut
904 2074 1005 2115 urbs
1038 2080 1210 2114 tantum
1236 2073 1330 2114 loco
1357 2080 1616 2114 moueretur.
1650 2071 1762 2112 nihil

227 2143 344 2185 enim
363 2143 593 2198 speciosius
621 2143 848 2185 uidebatur
883 2158 1012 2198 quam
1043 2157 1135 2185 esse
1163 2142 1493 2197 Carthaginem,
1536 2157 1644 2197 quae
1674 2155 1762 2182 non

231 2213 464 2256 timeretur.
498 2213 631 2268 igitur
651 2214 834 2255 Manilio
854 2214 1176 2268 Censorinoque
1196 2212 1446 2254 consulibus
1466 2212 1652 2267 populus
1675 2213 1760 2251 Ro-

228 2272 383 2325 manus
413 2284 636 2337 adgressus
668 2283 976 2337 Carthaginem
1003 2297 1078 2337 spe
1105 2282 1222 2338 pacis
1242 2282 1401 2323 iniecta
1422 2281 1622 2323 traditam
1643 2296 1668 2322 a
1687 2295 1762 2322 uo-

230 2352 419 2395 lentibus
441 2352 621 2393 classem
640 2353 720 2393 sub
740 2352 834 2407 ipso
854 2367 924 2394 ore
945 2352 1063 2394 urbis
1083 2351 1289 2393 incendit.
1322 2359 1416 2393 tum
1436 2351 1625 2393 euocatis
1646 2351 1762 2406 prin·

230 2421 420 2476 cipibus,
454 2421 489 2462 si
511 2421 621 2462 salui
651 2437 740 2463 esse
771 2423 935 2463 uellent
965 2430 1014 2463 ut
1046 2422 1279 2476 migrarent
1299 2421 1483 2472 finibus,
1516 2421 1758 2476 imperauit.

238 2559 247 2590 1
271 2555 450 2591 thraeciae
468 2556 488 2590 b
505 2556 516 2602 11
536 2558 555 2590 2
572 2556 767 2599 inualidus,
785 2563 894 2603 atque
909 2557 1056 2603 scripsi.-
1081 2557 1337 2604 inualidusque
1358 2565 1402 2599 Β,
1421 2556 1651 2602 inuictusque
1667 2564 1700 2590 N
1715 2558 1725 2601 11
1744 2567 1764 2589 a

234 2624 290 2646 om
305 2620 331 2647 B
348 2612 360 2658 11
377 2614 396 2646 3
416 2617 604 2658 superatus
621 2613 685 2647 sed
700 2621 734 2647 N
747 2613 758 2659 11
776 2613 902 2648 consul
918 2613 1084 2648 metellus
1099 2621 1124 2647 Β
1141 2615 1153 2659 11
1170 2614 1247 2648 5ad
1264 2614 1295 2656 b,
1315 2618 1386 2648 ate
1403 2613 1415 2659 11
1433 2613 1598 2648 Gtrhacie
1614 2621 1639 2647 Β
1657 2614 1668 2657 11
1687 2617 1704 2646 7
1726 2617 1766 2646 ut

236 2669 303 2703 deo
319 2677 353 2703 N
366 2669 379 2714 11
399 2671 439 2703 10
456 2669 603 2703 tertium
621 2680 702 2703 cum
718 2668 827 2703 africa
842 2669 977 2703 bellum
993 2678 1026 2704 N
1040 2670 1051 2715 11
1073 2672 1110 2704 11
1130 2674 1310 2716 patratum
1330 2677 1365 2704 N
1378 2669 1389 2716 11
1408 2670 1673 2716 comparatione
1691 2676 1724 2702 N
1739 2668 1751 2712 11

236 2725 277 2758 13
301 2724 365 2759 sed
386 2725 492 2770 plane
517 2725 673 2759 maximo
695 2732 729 2759 N
743 2726 754 2770 11
772 2730 943 2760 euentum
965 2734 991 2760 Β
1008 2726 1020 2771 11
1040 2728 1086 2767 14,
1104 2731 1212 2772 atque
1234 2726 1293 2772 Ν11
1313 2727 1354 2759 15
1377 2726 1549 2771 punicum
1575 2738 1629 2758 om
1646 2733 1679 2758 N
1694 2725 1705 2769 11
1727 2725 1766 2756 16

235 2785 290 2814 est
313 2793 370 2815 om
385 2789 419 2815 N
432 2781 443 2827 11
465 2784 503 2815 17
529 2793 567 2816 se
583 2786 743 2828 parasset
756 2789 790 2815 N
804 2782 815 2827 11
832 2786 992 2827 parasset
1008 2782 1030 2816 b
1046 2783 1057 2828 11
1078 2784 1119 2817 18
1136 2782 1347 2817 Massinissa
1369 2781 1518 2826 smpsi:
1543 2780 1769 2814 massinissae

236 2843 295 2869 ΒΝ
307 2836 319 2881 11
339 2838 380 2870 18
396 2837 484 2872 fines
499 2846 530 2872 N
546 2838 558 2884 11
576 2843 618 2872 ut
632 2850 687 2872 om
703 2845 736 2871 N
750 2838 762 2883 11
783 2839 823 2871 19
841 2849 922 2872 cum
937 2838 1082 2877 bello,N
1096 2840 1107 2885 11
1125 2838 1202 2874 sine
1217 2843 1372 2873 tractum
1388 2845 1420 2871 N
1435 2838 1446 2882 11
1464 2839 1508 2870 20
1525 2835 1635 2869 hodio
1652 2843 1677 2868 B
1694 2838 1705 2880 11
1725 2837 1764 2869 21

237 2891 334 2926 nasio
358 2893 417 2938 Ν11
434 2896 478 2928 22
503 2894 664 2929 aemulae
690 2894 789 2929 urbis
804 2902 871 2937 ΒΝ,
891 2895 990 2930 urbis
1006 2896 1064 2930 del
1084 2894 1348 2930 Freinshemius
1366 2894 1377 2936 11
1397 2894 1438 2925 23
1457 2891 1568 2936 elegit
1585 2891 1683 2925 urbis
1701 2891 1721 2924 b
1739 2893 1751 2936 11

238 2948 280 2980 26
298 2946 432 2982 intecta
446 2957 476 2982 N
492 2950 504 2995 11
521 2952 564 2984 28
582 2951 794 2997 imperatum
811 2959 843 2984 N
858 2951 869 2997 11

285 3011 440 3038 nonve.
1484 3016 1505 3048 4
