2002 3320
268 235 385 272 XXX
916 241 1177 272 PRAEFATIO.

269 357 367 383 cum
401 339 714 383 communicata
747 339 794 381 in
829 340 1019 383 ordinem
1053 342 1279 383 uerborum
1312 341 1444 396 recipi
1476 356 1564 383 non
1597 348 1812 396 poterant,

269 413 469 466 pleraque
490 409 661 451 silentio
681 411 968 464 praetermisi,
1000 426 1056 452 ne
1084 412 1231 453 amicis
1262 412 1441 466 egregiis
1472 411 1675 454 iniuriam
1705 411 1815 453 face-

268 497 382 530 rem,
414 481 450 521 si
470 495 519 520 ea
539 494 646 533 quae
666 480 756 533 ipse
777 480 901 521 certis
932 482 983 522 de
1011 481 1148 523 causis
1178 482 1445 536 inprobarem
1473 481 1643 535 publice
1671 487 1815 523 tamen

268 564 560 605 proponerem.

381 620 518 662 Video
539 625 683 660 autem
702 634 839 673 pauca
854 621 1063 674 quaedam
1080 621 1131 661 de
1148 620 1450 674 orthographia
1465 621 1687 662 adicienda
1706 619 1815 661 mihi

269 705 384 740 esse,
426 704 510 743 qua
542 690 594 730 de
614 704 659 730 re
680 704 778 731 cum
806 704 942 744 nuper
971 691 1144 731 demum
1176 690 1414 731 accuratius
1443 691 1658 732 obseruari
1687 696 1815 744 atque

269 759 469 801 subtilius
491 758 636 812 quaeri
656 766 855 813 coeptum
875 759 930 799 sit
942 790 954 807 ,
977 758 1024 799 in
1046 773 1094 799 eo
1115 773 1193 813 ego
1204 759 1467 813 potissimam
1485 774 1629 803 curam
1640 760 1815 802 adhibui

268 837 317 872 ut
338 829 441 884 quid
462 828 665 869 traditum
685 835 795 869 esset
808 828 939 869 etiam
958 828 1005 869 in
1026 828 1106 869 hoc
1126 843 1279 883 genere
1290 829 1449 883 ubique
1461 837 1686 871 constaret.
1709 843 1813 871 neu—

268 908 332 941 ter
361 899 475 940 enim
503 897 698 939 codicum
726 898 946 952 antiquam
966 898 1177 940 scribendi
1205 898 1414 940 rationem
1444 899 1545 940 satis
1573 905 1817 940 constanter

268 968 489 1023 expressit,
514 969 587 1009 sed
607 967 862 1021 quibusdam
874 968 1077 1022 exceptis,
1102 983 1210 1022 quae
1231 983 1376 1010 omues
1397 969 1561 1010 codices
1578 975 1816 1022 praeterre-

269 1038 533 1080 centissimos
561 1038 760 1079 exhibere
789 1052 905 1078 nunc
926 1037 1028 1079 satis
1049 1044 1232 1087 constat,
1263 1038 1309 1080 in
1330 1045 1508 1092 utroque
1530 1038 1730 1092 antiquae
1751 1053 1815 1079 or·

269 1108 549 1163 thographiae
570 1114 740 1148 tantum
767 1107 951 1161 uestigia
980 1109 1188 1161 quaedam
1216 1108 1338 1162 quasi
1365 1108 1516 1149 inuitis
1543 1107 1726 1149 librariis
1753 1122 1815 1148 re-

266 1179 368 1219 licta
389 1184 502 1219 sunt.
547 1192 675 1231 quam
694 1173 898 1218 librorum
923 1177 1256 1219 inconstantiam
1277 1192 1355 1232 ego
1375 1192 1542 1232 quoque
1563 1179 1818 1220 seruandam

267 1256 410 1298 ratus,
434 1248 509 1289 ubi
529 1249 652 1288 ambo
672 1247 719 1288 in
740 1247 917 1302 antiqua
936 1247 1148 1289 scribendi
1167 1248 1330 1289 ratione
1361 1248 1627 1302 conspirant,
1659 1262 1730 1289 eos
1752 1262 1815 1289 se·

268 1326 392 1360 cutus
414 1332 509 1359 sum
527 1317 748 1371 perpaucis
769 1317 1023 1371 quibusdam
1044 1317 1256 1371 exceptis,
1299 1332 1409 1372 quae
1440 1333 1540 1359 cum
1569 1318 1699 1359 semel
1720 1325 1814 1359 tan-

268 1395 363 1429 tum
383 1389 454 1428 uel
483 1387 549 1428 bis
577 1388 735 1440 scripta
762 1394 932 1437 extent,
972 1388 1215 1427 adnotanda
1245 1387 1388 1441 potius
1419 1402 1548 1442 quam
1573 1387 1827 1445 recipienda·

269 1458 387 1499 duxi.
430 1457 505 1497 ubi
525 1457 637 1497 inter
657 1471 701 1496 se
723 1456 985 1510 discrepant,
1009 1462 1048 1497 B
1066 1457 1337 1510 potissimum
1357 1457 1567 1511 expressi,
1597 1457 1682 1498 nisi
1701 1457 1816 1511 quod

269 1542 322 1568 ex
341 1531 391 1567 N
406 1534 573 1580 quoque
594 1541 644 1566 ea
663 1526 803 1580 recepi
823 1541 931 1580 quae
951 1533 1064 1567 recte
1084 1526 1241 1567 tradita
1262 1541 1352 1568 esse
1373 1534 1488 1567 certo
1508 1533 1690 1568 constat.
1734 1527 1814 1569 hac

268 1597 341 1638 uia
360 1603 410 1636 ut
430 1596 757 1650 ingrediendum
776 1603 971 1650 putarem
992 1597 1101 1636 duae
1122 1596 1307 1637 maxime
1329 1611 1480 1638 causae
1500 1596 1690 1639 fuerunt.
1728 1596 1814 1650 pri-

267 1682 387 1708 mum
407 1666 522 1707 enim
542 1666 739 1719 antiquos
769 1665 990 1719 scriptores
1018 1680 1106 1706 non
1135 1680 1229 1707 eam
1253 1666 1300 1706 in
1326 1666 1443 1707 hisce
1470 1666 1596 1707 rebus
1616 1673 1813 1707 constan-

268 1737 373 1777 tiam
393 1750 582 1778 seruasse
603 1750 688 1789 qua
706 1751 784 1776 nos
804 1736 870 1776 uti
890 1736 1074 1777 solemus
1101 1750 1351 1790 persuasum
1372 1742 1458 1785 est,
1491 1743 1534 1777 et
1554 1750 1814 1790 quamquam

268 1821 318 1848 ea
336 1805 548 1847 scribendi
567 1805 674 1846 ratio
695 1819 803 1859 quae
822 1820 897 1859 per
917 1806 1080 1846 codices
1109 1805 1231 1846 nobis
1264 1805 1420 1846 tradita
1449 1812 1512 1846 est
1532 1807 1586 1847 ad
1605 1820 1814 1859 gramma-

268 1877 373 1917 ticos
393 1876 535 1930 potius
557 1889 685 1929 quam
706 1876 760 1915 ad
788 1874 1009 1928 scriptores
1038 1875 1151 1929 ipsos
1186 1875 1404 1917 referenda
1432 1883 1518 1925 est,
1555 1882 1701 1917 tamen
1731 1890 1815 1929 qua

269 1946 494 1987 seueritate
503 1946 618 1999 leges
629 1951 673 1986 et
682 1959 856 1986 normae
872 1946 925 1986 ab
942 1945 1009 1986 his
1026 1945 1229 1986 inuentae
1245 1945 1423 1999 antiquo
1442 1952 1630 1999 tempore
1641 1951 1814 1987 exactae

267 2016 356 2057 sint
392 2016 510 2056 haud
547 2030 761 2069 quaquam
798 2021 979 2055 constat.
1029 2021 1123 2056 tum
1150 2029 1251 2055 uero
1271 2016 1463 2057 nondum
1483 2023 1680 2056 accurata
1698 2014 1813 2056 codi-

267 2100 367 2125 cum
385 2085 744 2139 peruestigatione
765 2091 807 2126 et
827 2084 1094 2138 singularum
1123 2099 1263 2125 rerum
1290 2085 1623 2138 perscrutatione
1645 2099 1694 2126 eo
1720 2098 1812 2138 per-

267 2162 450 2196 uentum
489 2161 553 2196 est
583 2161 632 2195 ut
664 2156 715 2195 de
743 2154 965 2212 permultis
994 2169 1101 2209 quae
1131 2155 1216 2195 huc
1244 2154 1460 2208 pertinent
1487 2154 1589 2196 satis
1617 2161 1712 2196 tuto
1740 2155 1810 2196 de-

267 2239 436 2267 cernere
456 2224 603 2274 liceat,
627 2225 740 2278 quod
759 2231 858 2265 ante
879 2238 1007 2278 quam
1035 2224 1129 2264 fieri
1156 2224 1290 2278 possit
1316 2224 1486 2278 singula
1505 2239 1696 2279 quaeque
1716 2224 1812 2267 dili-

268 2302 418 2348 genter
438 2295 703 2336 obseruanda
724 2301 767 2335 et
802 2294 1044 2348 colligenda
1064 2301 1187 2344 sunt,
1221 2300 1271 2335 ut
1290 2293 1390 2334 inde
1410 2301 1617 2348 quantum
1639 2293 1814 2348 quidem

267 2365 359 2404 fieri
379 2372 519 2418 potest
540 2371 677 2405 certae
698 2365 812 2418 leges
833 2365 1113 2405 deducantur.
1155 2370 1198 2404 et
1226 2378 1248 2404 e
1276 2363 1418 2405 codice
1447 2369 1486 2404 B
1505 2363 1615 2405 nihil
1634 2363 1720 2405 fere
1740 2362 1812 2405 uel

267 2433 313 2473 in
333 2434 413 2473 hoc
433 2448 586 2487 genere
606 2434 951 2487 praetermissum
970 2449 1061 2475 esse
1076 2433 1356 2488 promiserim,
1380 2449 1433 2474 ex
1449 2434 1581 2475 altero
1596 2437 1646 2474 N
1661 2433 1696 2475 si
1707 2432 1812 2487 quid

267 2503 372 2543 forte
392 2504 636 2556 neglectum
657 2510 736 2552 est,
759 2503 803 2544 id
823 2518 891 2544 me
910 2504 1082 2545 nolente
1102 2503 1263 2544 factum
1283 2510 1361 2544 est.

381 2573 447 2612 De
482 2572 738 2626 quibusdam
766 2580 911 2614 tamen
940 2573 1010 2614 hic
1043 2587 1181 2627 pauca
1207 2575 1421 2614 monenda
1449 2574 1571 2614 duco.
1621 2572 1735 2625 quod
1762 2571 1810 2613 in

267 2642 464 2683 omnibus
485 2643 570 2682 fere
592 2641 806 2682 codicibus
828 2644 1049 2683 obseruare
1071 2643 1187 2693 licet,
1211 2650 1260 2684 ut
1280 2658 1302 2684 e
1322 2650 1365 2684 et
1384 2658 1434 2684 ae
1451 2641 1689 2696 promiscue
1709 2640 1808 2682 scri-

265 2713 445 2761 bantur,
484 2711 528 2752 id
548 2711 591 2752 in
614 2718 792 2765 utroque
812 2712 954 2752 codice
982 2713 1125 2753 locum
1145 2713 1300 2762 habet,
1331 2712 1393 2753 ita
1418 2718 1468 2752 ut
1498 2712 1700 2752 adnotare
1729 2724 1805 2752 no—

266 2782 442 2831 luerim,
479 2780 563 2822 nisi
590 2780 811 2835 perpaucis
839 2781 942 2822 locis
972 2782 1047 2822 ubi
1082 2783 1135 2822 ad
1155 2797 1246 2823 rem
1278 2782 1454 2822 fortasse
1488 2780 1623 2822 facere
1656 2780 1804 2835 possit.

267 2859 388 2893 tanta
407 2851 522 2893 enim
541 2851 749 2900 uarietas,
782 2857 902 2891 tanta
931 2851 1061 2891 etiam
1095 2851 1141 2891 in
1178 2850 1452 2905 apertissimis
1472 2851 1596 2892 rebus
1616 2850 1808 2892 confusio

266 2922 430 2963 obtinet
451 2928 499 2962 ut
519 2921 678 2975 ubique
688 2921 758 2962 uel
778 2920 859 2961 hoc
874 2920 945 2962 uel
961 2920 1069 2961 illud
1094 2927 1219 2974 prout
1239 2920 1345 2961 ratio
1357 2919 1476 2961 iubet
1495 2927 1588 2961 tuto
1607 2934 1809 2974 reponere
