2002 3320
269 204 312 242 11
323 203 348 242 6
913 213 1007 242 1vL1
1029 212 1158 241 FLom

560 334 770 375 XXIIII.
804 334 1050 376 BELLVM
1072 333 1495 376 PANNONICVM.
1824 333 1858 373 I

265 468 481 512 Pannonii
516 468 681 508 duobus
717 467 881 508 acribus
916 466 1061 508 fluuiis
1074 499 1087 517 ,
1124 468 1271 509 Drauo
1309 468 1506 521 Sauoque·
1540 463 1867 523 uallantrir.“[I]

264 539 459 595 populati
486 538 701 593 proximos
732 537 847 578 intra
872 537 984 591 ripas
1015 552 1058 578 se
1078 537 1354 591 recipiebant.
1395 537 1442 577 111
1461 537 1540 578 hos
1567 538 1800 578 domandos

266 609 478 652 Vinnium
493 608 624 650 misit.
648 607 759 649 caesi
780 615 882 648 sunt
901 607 948 648 in
968 607 1160 661 utrisque
1175 606 1441 647 fluminibus.
1461 621 1576 647 anna
1591 606 1805 647 uictorum

265 695 352 721 non
381 695 434 720 ex
465 694 580 720 more
613 677 717 719 belli
745 684 953 727 cremata,
993 684 1057 719 set
1086 685 1212 732 capta
1238 683 1340 718 sunt
1375 684 1417 718 et
1448 676 1495 717 in
1521 677 1801 731 profluentem
1832 686 1853 718 5

267 752 381 801 data,
405 757 454 791 ut
475 748 666 792 Caesaris
688 762 846 789 nomen
867 747 927 789 eis
949 747 1022 802 qui
1041 747 1295 789 resistebant
1316 747 1376 789 sic
1395 746 1681 788 nuntiaretur.

596 919 746 960 XXV.
779 918 1027 961 BELLVM
1048 918 1469 961 DELMATICVM.
1501 977 1504 981 ,

268 1055 491 1096 Delmatae
524 1056 775 1110 plerumque
811 1056 889 1096 sub
926 1056 1046 1097 siluis
1082 1056 1266 1110 agebant
1281 1071 1293 1104 3
1340 1055 1454 1095 unde
1489 1054 1535 1095 in
1579 1054 1804 1096 latrocinia

267 1125 587 1178 promptissimi.
611 1125 689 1165 hos
710 1125 797 1165 iam
816 1125 982 1179 pridem
1002 1125 1189 1166 Marcius
1211 1125 1360 1166 consul
1379 1124 1555 1164 incensa
1573 1126 1678 1165 urbe
1698 1124 1799 1164 Del-

267 1194 400 1235 minio
422 1194 543 1248 quasi
562 1196 903 1244 detruncauerat,
926 1202 1074 1249 postea
1093 1195 1270 1236 Asinius
1291 1193 1431 1236 Pollio
1451 1193 1650 1248 gregibus
1671 1194 1799 1235 armis
1831 1202 1873 1234 10
1928 1201 1932 1204 ’

269 1264 380 1319 agris
400 1265 675 1313 multauerat,
698 1264 769 1304 hic
790 1266 1001 1305 secundus
1023 1273 1181 1313 orator3
1216 1265 1291 1305 sed
1309 1264 1532 1317 Augustus
1553 1265 1802 1318 perdoman-

269 1336 343 1375 dos
365 1333 493 1376 Vibio
521 1334 721 1382 mandat,
752 1334 826 1388 qui
855 1334 1029 1374 efferum
1057 1348 1193 1388 genus
1221 1333 1363 1374 fodere
1404 1339 1536 1390 terras
1566 1333 1705 1387 coegit
1731 1348 1804 1374 au-

267 1418 446 1458 rumque
467 1403 590 1444 uenis
619 1417 869 1457 repurgare3
904 1405 1017 1457 quod
1051 1403 1240 1457 alioquin
1266 1418 1370 1457 gens
1400 1402 1592 1444 omnium
1621 1403 1803 1457 cupidis-

270 1474 378 1515 sima
398 1489 447 1515 eo
469 1472 610 1515 studio
622 1505 636 1523 ,
660 1487 710 1514 ea
730 1472 955 1527 diligentia
974 1473 1161 1528 anquirit
1191 1480 1241 1515 ut
1271 1473 1381 1515 illud
1401 1473 1448 1514 in
1469 1488 1571 1514 usus
1592 1488 1690 1515 suos
1711 1488 1804 1515 eru·

271 1559 339 1585 ere
360 1543 602 1585 uideantur.
1833 1551 1876 1584 15

634 1713 810 1755 XXVI.
844 1713 1090 1755 BELLVM
1111 1713 1445 1756 MOESICVM.

273 1845 411 1886 Moesi
432 1860 558 1899 quam
578 1846 671 1896 feri,
695 1861 824 1901 quam
844 1854 981 1889 truces
1002 1847 1184 1898 fuerint,
1209 1863 1337 1903 quam
1356 1848 1546 1902 ipsorum
1566 1847 1695 1888 etiam
1713 1848 1806 1888 bar-

271 1914 363 1955 bari
390 1915 663 1957 barbarorum
697 1916 896 1958 horribile
926 1917 1043 1958 dictu
1079 1924 1157 1958 est.
1204 1932 1317 1959 unus
1346 1919 1506 1958 ducum
1540 1922 1639 1957 ante
1674 1916 1807 1958 aciem

271 1985 488 2038 postulato
520 1985 689 2027 silentio
725 1982 819 2039 ‘qui
849 2002 926 2028 uos
954 1982 1106 2028 estis?
1142 1987 1298 2041 inquit.
1341 2001 1593 2041 responsum
1619 1986 1808 2028 inuicem

270 2051 476 2095 ‘Romani
495 2055 690 2108 gentium
711 2051 904 2096 domini.'
945 2063 987 2097 et
1007 2056 1080 2096 ille
1104 2052 1195 2096 ‘ita'
1216 2056 1357 2109 inquit
1382 2053 1497 2105 ‘fiet,
1531 2056 1568 2096 si
1595 2070 1672 2097 nos
1692 2056 1805 2097 uice-
1833 2063 1878 2096 20

275 2119 401 2166 ritis.'
433 2124 595 2178 accepit
616 2140 741 2166 omen
762 2127 933 2167 Marcus
955 2127 1145 2167 Crassus.
1178 2125 1244 2166 illi
1271 2125 1416 2166 statim
1445 2131 1543 2166 ante
1573 2125 1708 2166 aciem
1727 2125 1805 2166 im-

276 2183 435 2250 molato
457 2209 566 2248 equo
587 2209 817 2249 concepere
837 2202 1003 2245 uotum,
1033 2202 1082 2236 ut
1102 2209 1319 2236 caesorum
1340 2195 1448 2236 extis
1470 2196 1629 2236 ducum
1648 2201 1691 2236 et
1709 2194 1806 2236 lita-

278 2271 372 2305 rent
393 2271 436 2305 et
456 2271 743 2306 uescerentur.
777 2267 876 2307 deos
898 2264 1065 2306 audisse
1095 2264 1365 2306 crediderim:
1407 2279 1487 2305 nec
1515 2264 1640 2306 tubas
1678 2265 1804 2306 susti·
1875 2268 1878 2271 '

282 2448 294 2477 1
317 2454 470 2479 BELLVM
488 2455 742 2482 PANNONICVM
760 2458 815 2480 om
831 2455 880 2481 NI
896 2446 907 2493 ΙΙ
926 2449 945 2482 2
963 2446 1135 2493 pannonii
1151 2459 1237 2482 uero
1253 2455 1275 2481 Ι
1296 2446 1307 2493 {l
1335 2446 1477 2481 duobus
1503 2445 1653 2480 saltibus
1678 2456 1718 2479 ac
1745 2445 1809 2479 tri-

277 2500 345 2534 bus
361 2501 482 2535 fluuiis
497 2509 530 2535 N
545 2501 556 2547 ll
576 2504 594 2536 3
613 2502 810 2537 domandos
827 2515 882 2537 om
898 2512 930 2538 N
946 2504 957 2549 ΙΙ
976 2507 995 2537 4
1013 2504 1222 2538 Ι)1101111111111
1239 2507 1342 2538 uocat
1363 2512 1383 2538 1
1398 2503 1410 2549 ss
1430 2506 1448 2536 5
1473 2507 1509 2537 et
1534 2514 1589 2536 om
1603 2509 1636 2535 N
1650 2501 1662 2547 ss
1679 2500 1810 2546 proflu-

278 2560 360 2590 ente
376 2565 413 2598 B,
433 2557 650 2602 profluentes
670 2567 703 2592 N
717 2559 729 2604 ΙΙ
747 2562 766 2594 6
784 2563 826 2593 ut
842 2559 968 2593 ceteris
986 2560 1048 2605 qui
1064 2560 1279 2595 resistebant
1303 2559 1455 2594 uictoria
1477 2558 1527 2593 810
1542 2566 1576 2593 Ν
1589 2558 1600 2603 ΙΙ
1620 2560 1638 2592 7
1655 2565 1809 2591 BELLVM

278 2621 530 2648 DELMATICVM
548 2625 602 2647 om
619 2622 652 2647 N
666 2614 677 2659 ΙΙ
696 2616 715 2647 8
740 2615 824 2649 inde
842 2623 877 2648 N
891 2615 901 2660 ΙΙ
921 2617 940 2649 9
959 2615 1103 2661 quidem
1118 2624 1152 2651 N
1166 2617 1177 2662 {l
1194 2629 1335 2651 marcus
1359 2624 1385 2650 B
1402 2616 1413 2662 ΙΙ
1432 2614 1557 2650 consul
1581 2626 1636 2648 om
1658 2621 1692 2648 Ν
1704 2613 1717 2659 l!
1735 2612 1810 2646 dei·
1849 2614 1853 2616 '

278 2668 425 2703 minioB
443 2669 454 2714 ΙΙ
476 2670 513 2702 11
538 2673 574 2703 et
590 2669 767 2714 adgustus
782 2679 807 2705 B
825 2671 836 2715 Η
858 2674 898 2705 12
917 2672 1015 2706 uibio
1033 2672 1064 2714 b,
1085 2673 1191 2707 uebio
1207 2681 1250 2714 B,
1270 2672 1356 2707 ubio
1372 2679 1406 2706 Ν
1419 2673 1430 2718 ΙΙ
1452 2673 1493 2705 13
1509 2681 1622 2716 genus
1638 2677 1664 2703 Β
1681 2669 1692 2714 ΙΙ
1710 2667 1809 2713 cupi-

279 2724 426 2759 <lissima
442 2725 603 2760 studiosa
618 2733 651 2759 Ν
665 2725 676 2770 H
698 2726 739 2759 14
762 2727 921 2771 anquirit
938 2740 981 2768 ς.·
1010 2728 1169 2774 adquirit
1189 2737 1247 2763 BN
1262 2729 1273 2775 Η
1291 2728 1374 2763 111111
1396 2735 1430 2762 Ν
1444 2727 1455 2773 ΙΙ
1480 2737 1621 2761 seruare
1645 2725 1813 2759 uideatur

277 2789 311 2814 Ν
325 2781 336 2826 Η
358 2783 396 2815 15
415 2778 581 2816 uideatur
595 2789 621 2815 B
638 2781 649 2827 Η
671 2783 711 2815 16
734 2790 886 2816 BELLVM
904 2791 1077 2817 Mrsmvn
1100 2792 1144 2826 B,
1171 2797 1226 2818 om
1249 2792 1282 2820 N
1296 2784 1307 2830 Η
1329 2787 1367 2818 17
1385 2783 1477 2829 mysi
1491 2790 1549 2816 ΒΝ
1563 2782 1575 2828 ΙΙ
1592 2781 1739 2816 fuerunt
1754 2789 1779 2814 Β
1796 2781 1808 2826 ΙΙ
1871 2775 1875 2778 ’

282 2839 321 2870 18
340 2837 476 2871 dictum
492 2845 525 2871 N
540 2838 550 2883 ΙΙ
573 2839 612 2871 19
630 2836 748 2883 inquit
765 2837 850 2872 estis
866 2845 897 2871 N
913 2837 924 2882 H
944 2840 985 2871 20
1003 2838 1056 2871 illi
1071 2846 1102 2872 Ν
1119 2839 1129 2883 Η
1148 2839 1287 2885 inquiet
1302 2848 1335 2874 N
1349 2839 1360 2885 ΙΙ
1380 2842 1418 2873 21
1437 2850 1576 2873 marcus
1595 2850 1638 2879 ς.·
1656 2836 1809 2872 marcius

278 2900 335 2925 ΒΝ
350 2892 360 2936 Η
379 2904 522 2937 grassus
538 2901 563 2927 B
581 2894 591 2938 ΙΙ
611 2895 653 2928 22
672 2893 789 2928 exitus
806 2901 830 2927 Β
848 2893 859 2938 Η
878 2896 921 2927 23
939 2893 1061 2928 tubam
1078 2902 1110 2928 N
1125 2895 1135 2939 Η
1168 2887 1173 2893 ”
