2002 3320
0 0 45 69 ἵξῃ

820 244 1084 274 nunni-10.
1553 215 1737 273 XXXIII

292 347 420 391 Nihil
448 346 586 402 magis
615 346 825 388 usitatum
854 352 919 387 est
948 359 1077 400 quam
1105 345 1221 400 quod
1242 344 1288 400 f
1304 350 1348 385 et
1372 343 1440 399 ph
1468 343 1531 386 ita
1560 344 1674 386 inter
1692 360 1737 387 se

176 424 517 467 commutantur,
554 423 607 458 ut
639 416 774 458 altera
806 422 905 457 utra
942 415 1087 457 littera
1120 415 1215 456 loco
1243 429 1332 456 non
1373 429 1451 456 suo
1477 422 1665 470 ponatur
1694 424 1738 458 et

126 531 133 537 ,
177 489 341 531 Graeca
359 487 536 530 nomina
551 487 601 544 f,
625 474 823 529 Romana
841 486 907 541 ph
927 486 1141 535 habeant,
1172 492 1221 526 ut
1240 484 1460 535 Phalisci,
1493 486 1737 529 Phaesulae

177 559 223 600 in
244 563 284 600 B
302 558 512 600 scribitur.
555 557 664 599 illud
689 572 792 599 uero
811 556 1007 598 mirabile
1029 557 1142 611 quod
1161 555 1208 597 in
1229 560 1268 596 Β
1286 562 1533 597 constanter
1541 557 1736 611 phoedus

174 636 225 671 ut
243 629 289 670 in
310 628 505 670 Mediceo
525 627 707 683 Vergilii
726 628 822 669 Aen
842 628 905 678 X,
931 630 1011 667 498
1024 626 1192 680 phoede
1206 625 1411 680 scriptum
1432 633 1512 667 est.

290 700 346 741 K
358 699 545 740 litteram
564 699 611 739 in
632 698 841 740 kalendae
860 706 903 739 et
923 697 1074 753 kapita
1094 697 1285 739 seruauit
1304 702 1357 738 B.

293 771 426 814 Quod·
440 783 579 824 nuper
599 770 774 810 demum
794 768 1065 810 uindicatum
1085 773 1150 809 est
1172 767 1423 810 thensaurus
1452 767 1615 809 habent
1634 773 1733 819 BN,

176 840 431 883 uieensimus
451 846 494 880 et
514 853 622 894 quae
644 839 802 880 similia
822 846 924 882 sunt
953 844 992 880 Β
1011 839 1142 880 solus.
1182 838 1298 880 idem
1317 837 1463 880 scribit
1483 852 1582 879 cum
1601 839 1736 894 uulgo

178 917 345 960 nactus,
369 917 413 951 at
432 909 479 951 in
499 914 550 951 N
564 909 723 964 legitur
741 915 934 951 nanctus.

292 983 346 1023 In
368 981 623 1036 quibusdam
643 979 863 1021 uocabulis
891 985 932 1021 B
958 980 1066 1021 falso
1087 985 1104 1022 t
1131 979 1279 1035 ponit,
1310 979 1387 1021 ubi
1414 995 1438 1020 c
1463 980 1608 1022 littera
1637 981 1737 1023 scri*

178 1053 320 1094 benda
340 1057 452 1100 erat,
484 1050 629 1105 qualia
648 1056 750 1091 sunt
770 1049 1002 1100 imm-nitio,
1026 1050 1211 1100 Mutius,
1235 1049 1416 1099 sautius,
1441 1051 1588 1093 sotius.

293 1122 348 1163 In
368 1120 429 1162 eis
458 1119 679 1162 uocabulis
709 1119 769 1160 in.
785 1119 940 1175 quibus
971 1134 1022 1161 ex
1049 1119 1308 1174 praepositio
1338 1120 1470 1161 uerbo
1497 1122 1739 1176 praeposita

179 1199 266 1243 est,
296 1192 411 1246 quod
430 1205 456 1232 a
474 1191 620 1232 littera
637 1204 658 1232 s
677 1190 830 1245 incipit
842 1222 856 1240 ,
886 1194 975 1232 BN
995 1190 1109 1231 hanc
1137 1190 1327 1232 litteram
1347 1198 1594 1233 constanter
1613 1193 1738 1235 omit-

179 1269 303 1312 tunt3
347 1261 539 1304 scribunt
566 1260 701 1316 igitur
727 1266 944 1315 expectare
953 1291 967 1311 ,
999 1261 1214 1315 expirare,
1247 1262 1461 1312 exultare,
1486 1277 1734 1317 exuperare,

180 1347 384 1390 exurqere
395 1364 409 1383 ,
433 1331 690 1388 extinyuere.
732 1331 780 1372 in
800 1336 840 1372 B
858 1346 960 1373 uero
981 1331 1236 1386 quibusdam
1257 1332 1377 1382 locis,
1402 1332 1477 1374 ubi
1497 1348 1526 1375 n
1546 1333 1691 1375 littera
1709 1348 1740 1375 x

180 1403 398 1458 sequitur,
436 1419 460 1444 c
478 1402 731 1458 interposita
750 1408 840 1452 est,
876 1408 927 1443 ut
948 1402 1155 1457 scriptum
1188 1403 1244 1444 sit
1271 1403 1605 1455 adium-merant,
1644 1419 1738 1446 eon-

182 1474 437 1524 iunexerint,
462 1473 737 1514 extv'ncxerat.
779 1471 924 1513 nescio
955 1487 1007 1513 an
1036 1473 1348 1528 pronuntiandi
1377 1473 1487 1515 ratio
1515 1488 1644 1515 causa
1664 1474 1736 1524 sit,

185 1560 262 1586 cur
280 1545 326 1586 in
347 1549 386 1585 B
406 1543 614 1599 scriptum
634 1542 884 1584 inueniatur
903 1545 1062 1584 Xerses
1083 1549 1127 1583 et
1145 1557 1174 1598 p
1201 1547 1277 1584 120
1290 1576 1303 1594 ,
1341 1547 1390 1585 16
1423 1543 1621 1599 quamuis
1650 1559 1740 1586 cor-

180 1622 306 1671 rupte
325 1616 609 1663 Artaxerses,·
642 1613 839 1655 similiter
864 1628 894 1668 p
926 1619 993 1663 55,
1020 1617 1072 1653 23
1103 1613 1298 1656 uiserunt
1322 1614 1369 1656 in
1389 1620 1429 1656 B
1447 1614 1654 1669 scriptum
1675 1622 1740 1656 est

179 1701 256 1742 pro
277 1685 490 1728 aixerunt.
522 1683 818 1739 pronuntiatio
838 1690 951 1724 certe
971 1683 1111 1725 effecit
1132 1690 1183 1724 ut
1209 1683 1379 1726 litterae
1407 1685 1454 1726 in
1482 1684 1739 1739 quibusdam

180 1755 323 1799 uerbis
343 1755 689 1811 geminarentur,
722 1762 773 1796 ut
794 1754 814 1796 l
828 1754 876 1795 in
895 1754 1116 1795 Amullius
1137 1755 1227 1809 (B),
1257 1753 1464 1796 Catillina
1485 1755 1584 1808 (N),
1608 1755 1739 1806 Duil-

182 1827 267 1870 lius
299 1827 451 1881 (BN),
493 1841 537 1868 m
565 1826 613 1867 in
641 1825 891 1875 ommis-sus,
925 1824 1163 1876 aramis-sio,
1209 1826 1492 1875 ammanus,
1531 1826 1740 1867 Flammi-

181 1897 303 1948 m‘us,
329 1895 560 1947 immitari,
590 1895 898 1937 Nummantius
920 1897 1020 1950 (B),
1054 1910 1075 1937 s
1094 1895 1142 1936 in
1162 1895 1410 1950 Hisspam'a
1430 1897 1529 1950 (B);
1563 1903 1607 1937 et
1635 1896 1741 1937 haec

184 1967 358 2023 quidem
376 1981 509 2022 praue
530 1966 687 2021 scripta
708 1973 832 2017 sunt,
865 1973 978 2008 recte
1006 1981 1109 2008 uero
1138 1966 1368 2008 comminus
1378 1998 1391 2017 ,
1425 1967 1741 2008 mercennarius

179 2039 389 2094 praebent
415 2041 513 2079 BN.
556 2044 706 2079 contra
732 2042 772 2078 B
799 2044 949 2092 peccat
987 2036 1172 2092 simplici
1201 2036 1346 2078 littera
1372 2035 1513 2092 posita
1531 2036 1578 2078 in
1599 2037 1741 2079 uerbis

184 2114 392 2151 comeatus
414 2115 458 2150 et
484 2107 711 2157 The-salim·
742 2122 846 2148 nam
876 2113 1106 2162 oportunus
1135 2108 1251 2162 quod
1278 2107 1326 2149 in
1346 2109 1496 2149 eodem
1517 2107 1676 2162 legitur
1695 2107 1742 2148 in

181 2179 371 2234 antiquis
390 2179 609 2221 codicibus
629 2179 710 2220 hoc
729 2179 857 2220 modo
877 2178 1004 2220 scribi
1034 2178 1168 2220 solere
1196 2193 1287 2220 sero
1316 2178 1369 2219 ab
1397 2177 1577 2219 Halmio
1604 2177 1741 2218 moni-

183 2256 253 2291 tus
274 2249 574 2291 animaduerti.

270 2320 398 2364 Quod
416 2321 488 2361 uel
508 2335 563 2361 ex
581 2320 700 2362 hisce
720 2318 1026 2374 speciminibus
1048 2319 1151 2361 satis
1172 2326 1347 2374 apparet
1359 2351 1372 2369 ,
1397 2319 1620 2374 antiquam
1640 2319 1741 2361 scri-

181 2389 313 2431 bendi
331 2389 542 2432 ratione-m
561 2390 607 2431 in
627 2397 781 2432 neutro
800 2389 956 2431 horum
976 2389 1173 2430 codicum
1200 2397 1446 2432 constanter
1472 2389 1633 2431 seruari
1647 2422 1659 2440 ‚
1693 2399 1742 2431 ut

181 2460 285 2501 inde
303 2459 474 2501 restitui
492 2460 652 2514 possit,
682 2467 725 2501 et
745 2475 848 2501 uero
867 2460 915 2500 in
935 2459 1039 2514 ipsis
1061 2459 1330 2514 antiquitatis
1351 2459 1546 2515 uestigiis
1568 2474 1742 2501 seruan-

183 2530 249 2572 dis
280 2530 494 2571 diuersam
523 2530 747 2585 utriusque
775 2530 985 2585 originem
1022 2530 1206 2571 discerni
1240 2540 1387 2585 posse,
1424 2530 1538 2571 idem
1567 2530 1615 2572 in
1645 2530 1740 2572 aliis

184 2600 441 2655 quibusdam
460 2601 586 2642 rebus
608 2600 759 2642 similis
779 2607 959 2642 naturae
981 2600 1196 2642 obseruari
1215 2608 1371 2656 potest.
1413 2601 1477 2642 ita
1495 2601 1543 2641 in
1563 2601 1740 2643 Graecis

183 2670 431 2712 nominibus
451 2671 611 2712 formae
642 2671 832 2712 Graecae
860 2670 907 2711 in
934 2678 1089 2713 neutro
1117 2671 1291 2726 quidem
1320 2671 1464 2713 codice
1496 2678 1742 2713 constantcr

185 2741 364 2782 traditae
384 2748 509 2791 sunt,
532 2742 660 2796 longe
680 2740 848 2795 saepius
869 2747 1013 2782 autem
1032 2740 1080 2782 in
1098 2745 1150 2783 N
1164 2741 1450 2784 inueniuntur
1469 2755 1598 2795 quam
1618 2741 1665 2781 in
1685 2745 1737 2781 B.

186 2811 450 2853 accusatiuos
471 2812 622 2853 tertiae
643 2810 942 2853 declinationis
966 2812 1155 2867 plurales
1184 2826 1303 2853 nunc
1332 2812 1377 2854 in
1408 2826 1451 2852 es
1480 2824 1597 2850 nunc
1627 2809 1672 2849 in
1703 2809 1742 2850 is

185 2888 390 2923 exeuntes
417 2885 507 2923 BN
521 2881 763 2923 exhibendo
792 2881 911 2923 haud
941 2897 1156 2937 quaquam
1185 2882 1298 2924 inter
1326 2896 1371 2923 se
1401 2878 1662 2933 conspirant.
1705 2883 1744 2919 B

183 2951 403 3006 proprium
431 2959 495 2993 est
518 2958 627 3008 pote
653 2957 717 2994 est
744 2952 914 3007 saepius
942 2967 1019 3007 pro
1044 2957 1184 3007 potest
1212 2952 1442 3006 scriptum3
1476 2952 1527 2989 N
1550 2948 1744 2990 seruauit

232 3026 386 3053 nom-s.
1466 3015 1525 3049 III
