2002 3320
736 261 934 291 EPITOMA
955 260 990 298 1,
1013 256 1058 290 39
1080 247 1170 305 [111,
1194 248 1250 305 5].
1713 253 1768 292 65

238 360 284 402 in
303 362 452 403 Asiam
471 369 758 416 transgressus
777 361 920 416 ipsum
938 361 1154 416 opprimit.
1187 369 1230 403 et
1259 362 1520 403 debellatum
1539 362 1662 412 foret,
1685 362 1770 404 nisi

237 432 290 472 de
324 430 575 472 Mithridate
608 430 871 485 triumphare
892 431 989 472 —cito
1023 446 1153 486 quam
1186 445 1286 473 uere
1319 432 1554 473 maluisset.
1593 446 1642 472 ac
1675 439 1770 473 tum

238 500 408 556 quidem
427 501 543 542 hune
571 501 699 542 Asiae
719 508 880 542 statum
908 501 1031 542 Sulla
1057 502 1244 542 dederat.
1286 501 1421 543 ictum
1450 515 1549 543 cum
1578 501 1770 543 Ponticis

237 571 401 620 foedus,
430 571 589 625 recepit
608 571 860 626 Bithyniam
881 585 906 611 a
920 585 1018 625 rege
1027 571 1301 621 Nicomedes,
1332 571 1638 612 Ariobarzanes
1659 571 1769 624 cap·
1832 599 1839 604 -

186 650 207 682 5
233 641 478 696 padociam‚
521 641 626 682 Asia
645 656 790 682 rursus
811 648 982 690 nostra,
1004 648 1055 681 ut
1069 647 1287 695 coeperat,
1310 641 1584 682 Mithridates
1602 648 1771 684 tantum

169 997 212 1029 10

170 1346 211 1378 15

166 1693 211 1726 20

166 2039 210 2072 25

237 712 446 765 repulsus.
472 711 616 764 itaque
636 725 723 752 non
743 711 870 766 fregit
890 725 940 752 ea
958 725 1024 752 res
1046 710 1264 760 Ponticos,
1288 712 1363 752 sed
1382 710 1589 752 incendit.
1614 710 1771 764 quippe

235 795 311 822 rex
330 781 435 822 Asia
454 788 497 821 et
518 781 690 834 Europa
709 782 895 835 quodam
913 781 1039 821 modo
1060 780 1275 822 inescatus
1294 795 1385 822 non
1411 780 1499 821 iam
1527 780 1650 834 quasi
1670 780 1770 821 alie-

237 865 354 900 nam,
378 852 468 900 sed,
491 850 592 905 quia
610 850 810 891 amiserat
823 882 836 900 ,
859 850 980 904 quasi
999 857 1167 904 raptam
1184 850 1289 891 belli
1308 850 1400 891 iure
1419 851 1653 904 repetebat.
1691 849 1770 904 igi-

237 927 310 961 tur
328 927 378 960 ut
398 921 588 961 extincta
605 934 757 974 parum
774 920 959 961 fideliter
978 919 1176 960 incendia
1204 920 1363 961 maiore
1390 921 1564 961 flamma
1591 920 1771 961 reuiuis-

239 997 344 1030 cunt
356 1021 369 1039 ,
401 990 463 1032 ita
482 990 555 1032 ille
575 991 627 1030 de
646 990 813 1044 integro
825 1021 838 1039 ,
862 989 997 1030 auctis
1016 989 1222 1030 maiorem
1239 989 1287 1029 in
1305 991 1482 1031 modum
1501 989 1634 1043 copiis
1646 1021 1659 1039 ,
1682 996 1773 1030 tota

242 1059 425 1112 denique
445 1059 566 1112 regni
587 1059 655 1100 sui
674 1060 786 1102 mole
806 1059 853 1099 in
872 1058 1022 1101 Asiam
1048 1073 1194 1099 rursus
1224 1058 1333 1099 mari
1359 1066 1472 1103 terra
1499 1059 1771 1101 fluminibus-

237 1142 320 1181 que
339 1128 555 1169 ueniebat.

352 1199 531 1253 Cyzicus
546 1231 559 1250 ,
581 1199 737 1242 nobilis
758 1199 935 1250 ciuitas,
967 1214 1061 1242 arce
1089 1199 1314 1242 moenibus
1343 1208 1471 1255 portu
1502 1200 1772 1254 turribusque

235 1269 482 1311 marmoreis
502 1269 716 1312 Asiaticae
737 1271 888 1324 plagae
908 1270 1034 1312 litora
1053 1270 1270 1311 inlustrat.
1303 1271 1416 1311 hanc
1435 1271 1509 1312 ille
1526 1269 1648 1324 quasi
1668 1270 1772 1310 alte-

238 1353 330 1380 ram
350 1341 535 1380 Romam
554 1347 646 1381 toto
664 1340 882 1381 inuaserat
910 1341 1038 1381 bello.
1083 1341 1157 1381 sed
1184 1340 1388 1381 fiduciam
1418 1340 1642 1395 oppidanis
1670 1339 1772 1380 resi-

238 1409 379 1450 stendi
397 1409 578 1450 nuntius
600 1409 717 1458 fecit,
741 1410 896 1450 docens
916 1410 1146 1450 aduentare
1163 1410 1410 1460 Lucullum,
1434 1410 1508 1464 qui
1527 1435 1575 1441 -—
1603 1409 1773 1450 orribile

238 1478 358 1519 dictu
377 1503 433 1510 -—
453 1493 528 1533 per
557 1479 717 1519 medias
747 1478 937 1520 hostium
966 1493 1099 1519 naues
1129 1486 1223 1519 utre
1260 1494 1491 1533 suspensus
1520 1487 1563 1520 et
1590 1479 1771 1533 pedibus

238 1546 319 1588 iter
338 1549 580 1601 gubernans
594 1580 607 1598 ,
630 1547 877 1589 uidentibus
897 1549 1046 1602 procul
1070 1548 1192 1602 quasi
1211 1548 1376 1589 marina
1394 1548 1540 1602 pristis
1561 1556 1768 1590 euaserat.

238 1630 341 1658 mox
369 1618 487 1658 clade
518 1632 748 1668 conuersa,
779 1632 877 1659 cum
904 1632 958 1659 ex
986 1632 1105 1658 mora
1134 1617 1287 1658 obsidii
1316 1632 1460 1672 regem
1486 1618 1620 1659 fames
1648 1626 1691 1659 et
1719 1633 1773 1660 ex

236 1686 349 1727 fame
368 1687 614 1740 pestilentia
634 1695 850 1741 urgueret,
873 1689 1141 1728 recedentem
1156 1688 1364 1729 Lucullus
1381 1687 1628 1742 adsequitur
1649 1690 1772 1730 adeo-

236 1770 318 1809 que
338 1756 477 1797 caedit
504 1763 553 1797 ut
583 1756 796 1798 Granicus
817 1763 860 1797 et
886 1757 1078 1811 Aesepus
1110 1771 1256 1798 amnes
1283 1757 1450 1798 cruenti
1477 1759 1768 1799 redderentur.

236 1839 313 1866 rex
342 1825 522 1867 callidus
552 1827 855 1880 Romanaeque
885 1826 1089 1867 auaritiae
1117 1826 1279 1880 peritus
1309 1827 1451 1881 spargi
1479 1842 1631 1868 aurum
1662 1843 1687 1869 a
1706 1829 1771 1871 fu-

235 1893 452 1948 gientibus
473 1901 516 1935 et
535 1895 762 1948 pecuniam
781 1895 922 1945 iussit,
945 1910 1031 1949 qua
1049 1903 1274 1958 sequentes
1293 1904 1544 1937 moraretur.
1576 1912 1657 1938 nec
1676 1898 1770 1939 feli-

237 1963 325 2004 cior
343 1963 390 2004 in
410 1963 518 2003 mari
536 1978 665 2017 quam
694 1971 807 2005 terra
834 1965 951 2019 fuga.
986 1964 1143 2018 quippe
1171 1971 1346 2007 centum
1376 1966 1559 2020 amplius
1589 1968 1771 2009 nauium

237 2033 415 2074 classem
435 2041 641 2088 apparatu
658 2034 763 2075 belli
781 2048 957 2088 grauem
977 2033 1158 2077 Pontico
1177 2035 1285 2075 mari
1313 2037 1511 2089 adgressa
1540 2044 1770 2091 tempestas

236 2109 325 2155 tam
344 2103 467 2144 foeda
487 2110 627 2157 strage
654 2104 859 2146 lacerauit
880 2111 946 2161 „Ut
975 2103 1141 2144 naualis
1161 2104 1265 2147 belli
1284 2104 1420 2147 instar
1439 2106 1646 2156 efficeret,
1678 2108 1768 2160 pla-

235 2185 374 2225 neque
393 2178 443 2212 ut
463 2167 672 2214 Lucullus
693 2175 877 2227 quodam
891 2187 990 2213 cum
1006 2173 1207 2214 fluctibus
1223 2174 1503 2227 procellisque
1519 2176 1770 2217 commercio

237 2240 538 2281 debellandum
564 2243 788 2283 tradidisse
824 2255 968 2294 regem
1003 2241 1146 2281 uentis
1184 2242 1415 2282 uideretur.
1464 2244 1644 2284 adtritae
1682 2244 1769 2286 iam

237 2322 383 2350 omnes
404 2309 656 2350 ualidissimi
675 2309 797 2363 regni
812 2309 925 2350 uires
941 2316 1076 2359 erant,
1100 2310 1175 2350 sed
1190 2310 1357 2352 animus
1374 2311 1496 2352 malis
1514 2313 1763 2366 augebatur.

243 2488 256 2521 1
277 2487 447 2533 obprimit
462 2496 493 2522 N
508 2488 520 2533 ΙΙ
538 2490 558 2522 2
574 2488 764 2524 mithidate
779 2497 804 2523 Β
821 2491 833 2535 ΙΙ
852 2492 872 2524 3
889 2489 980 2536 sylla
994 2498 1052 2525 ΒΝ
1066 2491 1078 2536 ΙΙ
1096 2493 1117 2524 4
1133 2491 1291 2537 reccepit
1306 2500 1331 2526 B
1349 2492 1360 2538 ΙΙ
1378 2497 1415 2526 et
1430 2504 1515 2538 rege
1530 2501 1556 2527 Β
1573 2495 1584 2539 ss
1601 2494 1636 2528 N
1638 2494 1767 2528 icome-

238 2543 313 2585 des,
332 2543 591 2578 Ariobarzanes
607 2544 774 2589 Lipsius.-
798 2545 1010 2580 nichomede
1027 2546 1072 2580 ab
1089 2546 1338 2582 ariobarzenae
1353 2556 1390 2590 Β,
1409 2548 1596 2583 nicomede
1612 2549 1657 2583 ab
1673 2549 1765 2583 ario-

234 2599 428 2633 barzaneN
442 2599 453 2644 ΙΙ
471 2602 490 2632 5
501 2610 541 2633 ac
552 2599 602 2633 sic
613 2605 689 2634 erat
699 2599 773 2634 asia
780 2612 922 2636 rursum
937 2609 970 2635 N
983 2601 995 2646 μ
1014 2599 1157 2646 ceperat
1179 2602 1387 2638 mithidates
1410 2609 1534 2638 tantus
1557 2613 1582 2638 Β
1600 2605 1612 2650 ΙΙ
1629 2607 1649 2638 9
1673 2605 1766 2638 reui-

238 2660 390 2689 uescunt
413 2662 472 2689 BN
491 2655 503 2700 ll
534 2657 572 2688 13
599 2655 730 2689 cizicus
754 2663 802 2697 Β,
829 2656 988 2701 cyzicum
1011 2664 1045 2690 N
1059 2657 1070 2701 11
1099 2658 1140 2691 14
1165 2657 1289 2692 littora
1310 2667 1336 2693 Β
1353 2659 1365 2705 ΙΙ
1386 2662 1427 2694 16
1451 2660 1622 2695 horribile
1645 2669 1677 2694 N
1693 2661 1704 2705 ΙΙ
1726 2663 1765 2693 18

237 2710 488 2755 adgubernans
510 2718 544 2745 Ν
567 2711 578 2756 ΙΙ
604 2711 702 2745 istris
724 2719 758 2745 Ν
779 2711 791 2756 ΙΙ
820 2713 861 2745 19
892 2712 1115 2747 obsidentem
1138 2720 1173 2747 Ν
1193 2713 1205 2759 ΙΙ
1230 2725 1352 2760 regem
1377 2726 1422 2749 ex
1446 2716 1539 2750 fame
1562 2716 1767 2761 pestilentia

234 2773 268 2799 Ν
281 2766 293 2811 ΙΙ
310 2768 349 2800 21
371 2766 500 2801 cecidit
515 2774 548 2800 Ν
562 2767 573 2811 ΙΙ
592 2767 787 2813 granippus
808 2775 836 2802 Β
851 2768 865 2816 fl
880 2778 1032 2813 aesopus
1053 2776 1114 2803 ΒΝ
1127 2768 1138 2814 ΙΙ
1156 2771 1199 2803 22
1224 2781 1351 2804 aurum
1374 2783 1430 2805 om
1451 2779 1485 2805 N
1507 2772 1518 2816 ΙΙ
1544 2774 1585 2804 23
1610 2771 1766 2804 sarcinas

238 2824 275 2853 et
289 2822 476 2865 pecuniam
489 2831 523 2856 N
537 2823 548 2868 ΙΙ
567 2825 608 2857 24
627 2822 665 2857 iu
687 2828 783 2857 terra
803 2831 838 2857 Ν
851 2823 863 2869 ΙΙ
890 2827 1034 2858 centum
1058 2836 1114 2858 om
1137 2833 1163 2860 Β
1180 2825 1192 2871 fl
1210 2827 1253 2859 25
1280 2826 1562 2870 adparatumque
1578 2833 1612 2858 N
1626 2826 1636 2870 ΙΙ
1654 2837 1765 2870 graue

238 2883 264 2909 Β
280 2876 292 2921 ΙΙ
309 2882 423 2921 pontu
438 2886 475 2920 Β,
494 2878 532 2912 in
549 2879 695 2924 pontico
710 2878 768 2913 Νι
787 2882 1038 2925 tempestatem
1053 2880 1142 2917 dea
1156 2888 1183 2915 Β
1199 2881 1211 2926 ΙΙ
1231 2883 1274 2914 26
1284 2881 1390 2925 plane
1400 2880 1502 2924 quasi
1519 2880 1676 2915 lucullus
1692 2889 1725 2915 N
1745 2882 1757 2927 ΙΙ

237 2933 281 2965 29
298 2931 510 2967 ualidissimi
524 2941 562 2975 Β,
580 2934 822 2969 ualidissimae
840 2936 860 2968 2
875 2945 984 2969 manu
1001 2936 1013 2981 n

280 2995 434 3021 FLOR-vs.
1528 3001 1547 3031 5
