2002 3320
265 223 444 261 XLVIII
912 231 1173 260 PRAEFATIO.

269 331 418 387 itaque
444 345 533 372 non
562 330 734 372 uidetur
763 344 865 372 casu
893 330 1055 372 factum
1085 332 1199 386 quod
1228 338 1337 373 cum'
1356 333 1558 374 Luc-anus
1586 334 1701 384 VII,
1735 337 1815 375 409

270 401 424 443 dixerit
452 397 513 442 ‘et
532 401 737 442 damnata
758 399 832 442 diu
851 400 1061 443 Romanis
1080 401 1188 443 Alia
1205 396 1386 457 fastis',
1409 403 1559 445 Florus
1590 402 1643 443 de
1672 403 1820 443 eadem
1846 429 1849 432 -

271 473 391 513 clade
411 485 439 525 Ρ
466 475 530 520 17,
556 473 579 510 9
607 471 764 511 referat
779 467 941 526 ‘itaque
960 471 1071 513 hunc
1098 471 1208 513 diem
1227 471 1370 531 fastis
1390 472 1532 514 Roma
1554 467 1816 520 damnauit',·

270 543 385 583 idem
405 555 433 595 Ρ
459 545 553 590 101,
582 543 630 581 16
653 540 757 582 dicit
773 537 966 595 ‘sparsae
977 540 1113 596 maqis
1133 556 1260 596 quam
1282 556 1503 596 oppressae
1522 542 1635 584 uires
1656 537 1817 601 erant',

270 614 471 654 Lucanus
508 616 652 651 autem
686 611 827 661 VIII,
867 615 948 651 273
994 607 1174 665 ‘'sparSit
1191 612 1338 665 potius
1379 612 1617 664 Pharsalia
1653 618 1820 654 nostras

278 683 416 728 Quam
435 680 643 722 subuertit
667 675 783 735 ope3³
791 713 800 722 .
844 681 987 722 minus
1010 688 1173 722 certum
1193 681 1331 722 uideri
1358 689 1499 737 potest
1520 683 1633 747 quod
1653 683 1819 723 Grono-

272 752 370 793 uius
404 751 605 793 diatribes
634 750 681 791 in
710 750 898 792 Statium
927 765 950 791 e
973 755 1023 791 48
1046 765 1074 805 Ρ
1099 755 1174 792 321
1208 740 1463 802 adnotauit,
1495 743 1625 793 uerba
1654 751 1821 793 Lucani

271 823 413 872 VIII,
442 825 521 862 730
539 817 798 875 ‘Pompeius,
821 822 1033 871 Fortuna
1059 815 1175 862 tuus'
1197 821 1243 862 in
1263 828 1407 863 mente
1426 822 1627 864 habuisse
1647 822 1822 863 Florum

275 907 374 934 cum
413 892 613 933 scriberet
648 906 677 946 Ρ
718 895 795 942 66,
841 896 864 932 4
898 888 1060 933 ‘titulos
1083 891 1257 947 yloriae
1283 891 1484 946 Pompeio
1519 906 1593 933 suo
1628 893 1822 933 Fortuna

274 956 537 1019 quaerebat'.
571 962 679 1003 illud
699 959 874 1016 grauius
907 969 971 1003 est
1005 963 1142 1015 quod,
1168 977 1266 1003 cum
1285 962 1476 1017 plerique
1497 976 1642 1004 omnes
1664 962 1822 1004 Camil·

273 1034 367 1075 lum
395 1033 561 1074 Ardeae
592 1032 784 1073 exulasse
815 1029 1008 1081 tradarst,
1039 1031 1240 1073 Lucanus
1261 1034 1325 1083 V,
1351 1036 1402 1072 28
1432 1047 1532 1073 eum
1552 1032 1681 1075 Veios
1702 1031 1822 1073 habi-

275 1112 385 1145 tasse
417 1103 545 1153 dicit,
569 1103 682 1157 quod
703 1102 878 1143 Florum
898 1116 1065 1156 quoque
1085 1116 1114 1155 p
1137 1105 1206 1152 26,
1231 1106 1282 1142 25
1303 1102 1456 1143 referre
1475 1109 1588 1143 recte
1608 1101 1824 1143 intellexit

276 1173 511 1215 Salmasius
532 1179 573 1214 et
594 1172 680 1213 iam
700 1187 755 1213 ex
784 1171 940 1226 aperti&
970 1171 1126 1215 codicis
1152 1177 1192 1212 B
1220 1172 1412 1227 uestigiis
1441 1172 1673 1214 certissime
1701 1172 1822 1214 resti-

275 1251 420 1285 tutum
452 1250 529 1284 est.
576 1249 793 1297 praeterea
825 1257 847 1283 e
874 1241 1057 1296 Vergilii
1085 1242 1233 1296 ecloga
1262 1244 1285 1284 I
1295 1248 1308 1293 3
1344 1246 1393 1282 67
1431 1248 1518 1284 toto·
1539 1242 1698 1284 diuisos
1729 1243 1824 1284 orbe

273 1313 510 1355 Britannos
538 1313 688 1354 Florus
717 1327 746 1368 Ρ
770 1318 837 1363 71,
867 1318 884 1354 1
915 1319 1137 1354 mutuatus
1167 1319 1245 1353 est.
1297 1327 1404 1367 quae
1425 1312 1662 1354 Meinertus
1683 1313 1823 1354 imita-

275 1384 404 1425 tionis
425 1398 448 1424 e
470 1382 576 1425 Silio
605 1382 758 1424 Italico
789 1385 941 1424 ductae
962 1382 1146 1437 uestigia
1167 1383 1405 1433 adnotauit,
1440 1397 1490 1424 ea
1517 1390 1567 1425 ut
1599 1383 1824 1425 incertiora

275 1453 469 1495 omittere
490 1453 623 1494 satius
649 1453 769 1494 duxi.

361 1524 557 1565 Fortasse
577 1523 669 1578 ipse
689 1523 760 1564 hic
781 1524 1104 1566 declamatorius
1125 1524 1239 1566 color
1259 1539 1387 1566 causa
1406 1523 1504 1574 fuit,
1528 1538 1604 1565 cur
1621 1523 1824 1578 posterio-

274 1609 339 1635 res
369 1594 619 1648 scriptores,
657 1595 827 1648 quando
857 1594 1073 1636 succincta
1099 1610 1241 1636 rerum
1270 1597 1565 1636 Romanarum
1583 1593 1825 1635 narratione

276 1665 336 1705 eis
358 1679 465 1719 opus
485 1664 593 1714 fuit,
626 1664 750 1705 Floro
779 1665 1051 1719 potissimum
1081 1665 1149 1706 usi
1181 1665 1282 1706 sint.
1335 1665 1396 1706 ita
1427 1665 1584 1706 Sextus
1617 1665 1758 1706 Rufus
1778 1665 1825 1705 in

275 1733 351 1783 eis,
376 1731 484 1788 quae
505 1735 557 1775 de
576 1735 700 1776 bellis
722 1749 819 1775 cum
833 1735 1068 1776 Thracibus
1090 1742 1131 1776 et
1142 1735 1313 1777 Parthis
1333 1735 1464 1790 gestis
1485 1750 1507 1776 c
1529 1738 1570 1784 9,
1599 1740 1665 1784 17,
1683 1738 1750 1784 18,
1771 1735 1824 1775 de

279 1804 446 1846 Galatis
460 1820 481 1845 e
510 1811 574 1855 11,
600 1806 785 1846 derebus
807 1806 884 1846 sub
895 1805 1090 1859 Augusto
1111 1805 1257 1860 gestis,
1281 1804 1530 1859 praesertim
1550 1807 1602 1846 de
1613 1812 1750 1847 morte
1771 1807 1822 1847 C.

277 1874 485 1924 Caesaris,
509 1890 531 1916 c
548 1873 594 1916 19
617 1882 778 1926 narrat,
801 1875 902 1916 satis
924 1882 1067 1930 aperte
1077 1877 1251 1917 Florum
1273 1881 1443 1916 secutus
1465 1882 1543 1926 est,
1567 1876 1614 1916 cf
1626 1890 1655 1930 p
1669 1879 1738 1926 63,
1753 1880 1821 1926 74,

281 1949 374 1994 111,
404 1947 499 1995 112,
515 1949 583 1995 46,
613 1951 706 1987 120.
740 1945 855 1987 idem
875 1961 897 1987 c
919 1951 971 1987 20
994 1947 1107 2000 quod
1127 1947 1179 1987 de
1195 1945 1378 1986 Traiano
1396 1945 1455 1986 ait
1467 1942 1824 2002 ‘postAuqustum

275 2015 500 2056 Romanae
527 2015 593 2056 rei
615 2016 817 2070 publicae
844 2015 978 2057 mouit
1006 2011 1201 2057 lacertos'
1224 2030 1277 2056 ex
1307 2015 1423 2056 Flori
1449 2015 1711 2069 praefatione
1730 2030 1760 2070 Ρ
1783 2018 1822 2066 6,

278 2087 302 2124 6
335 2085 571 2140 descripsit.
623 2085 819 2126 similiter
847 2085 1069 2139 Ampelius
1102 2099 1210 2138 quae
1239 2099 1262 2125 c
1284 2089 1335 2124 25
1358 2085 1410 2126 de
1439 2085 1717 2127 seditionibus
1737 2085 1825 2140 ple-

276 2154 341 2196 bis
362 2155 488 2196 refert
508 2156 634 2197 Floro
663 2170 691 2209 Ρ
713 2160 783 2205 27,
810 2160 833 2195 4
864 2155 1012 2204 debet,
1046 2154 1320 2208 eiusdemque
1340 2154 1473 2195 uerba
1492 2169 1514 2195 c
1537 2159 1588 2195 42
1623 2151 1825 2210 ‘inexple-

279 2224 375 2266 bilis
396 2224 567 2266 honoris
587 2224 732 2266 Marii
750 2224 961 2279 cupiditas
983 2225 1192 2266 decretam
1223 2225 1373 2266 Sullae
1402 2224 1626 2266 Ponticam
1644 2224 1825 2279 prouin-

277 2293 387 2335 ciam
408 2294 546 2336 uoluit
562 2294 723 2349 eripere
733 2309 817 2348 per
836 2294 1095 2350 roqationem
1117 2294 1304 2348 Sulpicii
1322 2295 1482 2336 tribuni
1491 2294 1630 2349 plebis
1640 2312 1659 2344 ‚·
1698 2294 1826 2336 Sulla

275 2364 522 2419 indiynatus
545 2365 738 2406 continuo
760 2366 821 2406 ad
846 2365 1071 2406 exercitum
1089 2364 1284 2419 perrexit
1302 2370 1342 2406 et
1368 2379 1460 2406 eum
1480 2365 1579 2406 urbi
1597 2359 1824 2415 admouit’,

277 2434 393 2475 Flori
413 2435 544 2475 uerba
563 2450 591 2489 p
615 2439 692 2484 88,
721 2439 768 2476 12
792 2442 934 2490 aperte
963 2437 1173 2485 reddunt,
1205 2442 1255 2476 ut
1282 2434 1447 2476 minora
1476 2437 1684 2489 quaedam
1714 2442 1825 2477 tace-

277 2519 361 2545 am.
394 2519 474 2545 nec
502 2504 665 2545 minore
694 2505 839 2546 fauore
869 2507 983 2559 apud
1003 2505 1225 2560 scriptores
1247 2505 1500 2546 christianos
1521 2512 1723 2559 exceptus
1743 2511 1820 2546 est.

277 2575 328 2615 de
349 2575 555 2624 Iordane,
589 2574 662 2628 qui
687 2589 890 2629 magnam
918 2583 1083 2630 partem
1103 2575 1239 2630 operis
1260 2575 1328 2616 sui
1356 2577 1408 2616 ad
1429 2577 1607 2616 uerbum
1627 2589 1680 2616 ex
1700 2575 1825 2616 Floro

277 2643 522 2698 descripsit,
566 2644 653 2684 iam
687 2644 851 2685 dictum
890 2652 953 2687 est
966 2662 977 2696 ;
1018 2645 1220 2688 Orosium
1255 2645 1500 2700 saepissime
1537 2646 1662 2686 Floro
1699 2659 1825 2686 usum

277 2729 367 2756 esse
380 2746 393 2764 ,
427 2728 686 2769 quamquam
710 2729 799 2755 non
819 2715 880 2755 ita
901 2715 1123 2769 descripsit
1143 2723 1193 2757 ut
1223 2716 1322 2756 inde
1343 2717 1397 2757 ad
1417 2715 1607 2755 criticam
1627 2729 1823 2755 exercen-

277 2785 376 2826 dam
396 2784 561 2826 utilitas
590 2784 684 2839 capi
710 2784 870 2839 possit,
900 2799 976 2839 per
1006 2785 1178 2839 singula
1211 2784 1536 2840 diligentissime
1563 2785 1823 2826 demonstra—

275 2854 340 2895 uit
385 2856 634 2896 Moernerus
681 2854 988 2895 dissertationis
1024 2855 1075 2895 de
1109 2855 1251 2896 Orosii
1290 2854 1380 2895 uita
1414 2853 1588 2908 eiusque
1627 2854 1823 2895 historia-

275 2938 369 2965 rum
389 2924 508 2966 libris
530 2931 692 2980 septem
721 2939 750 2979 Ρ
775 2928 852 2965 140
883 2939 972 2979 sqq.
1006 2923 1190 2977 denique
1220 2924 1515 2978 Augustinum
1543 2924 1668 2965 Floro
1698 2938 1823 2965 usum
