2002 3320
710 231 908 261 spu-om
928 232 962 268 1,
986 227 1020 259 ⁵.
1046 227 1067 259 o
1091 218 1166 274 [11.
1190 217 1265 275 12].
1716 219 1767 260 15

176 332 207 371 I
231 345 398 386 quoque
424 352 466 362 -
492 345 569 385 pro
596 331 734 385 pudor
758 355 808 362 —-
839 331 977 372 uictos
1005 332 1109 373 adeo
1138 331 1299 387 gloriae
1327 331 1483 381 fuisse,
1514 339 1565 373 ut
1593 338 1766 385 captum

227 401 431 456 oppidum
452 401 602 442 Gneus
624 400 813 442 Marcius
834 400 1088 443 Coriolanus
1109 401 1231 456 quasi
1251 400 1537 444 Numantiam
1558 408 1633 443 aut
1651 401 1765 442 Afri-

228 485 322 512 cam
351 469 517 512 nomini
554 470 765 511 indueret.
807 478 958 513 extant
987 479 1030 513 et
1062 479 1185 526 parta
1212 473 1266 513 de
1293 471 1427 512 Antio
1455 471 1614 526 spolia,
1656 485 1765 526 quae

227 540 425 582 Maenius
441 540 487 581 in
503 548 708 595 suggestu
724 540 805 582 fori
820 548 946 596 capta
966 541 1155 583 hostium
1174 541 1309 584 classe
1330 541 1493 583 suffixit
1505 566 1556 572 —-
1567 541 1604 582 si
1620 549 1765 583 tamen

184 619 204 651 5
225 610 302 652 illa
321 610 491 660 classis,
513 625 616 651 nam
637 625 712 652 sex
732 611 850 653 fuere
871 618 1092 653 rostratae.
1126 613 1201 653 sed
1231 611 1303 652 hic
1332 626 1537 653 numerus
1565 611 1652 652 illis
1682 612 1763 653 ini-

227 680 297 722 tiis
317 681 473 722 nauale
493 681 657 721 bellum
676 681 772 722 fuit.
806 681 1143 736 peruicacissimi
1172 689 1317 723 tamen
1337 681 1593 723 Latinorum
1622 682 1763 736 Aequi

225 757 268 791 et
306 750 453 792 Volsci
481 750 600 791 fuere
637 757 681 792 et
711 751 941 802 cotidiani,
975 758 1026 793 ut
1057 751 1118 792 sic
1146 751 1354 801 dixerim,
1385 751 1546 793 hostes.
1581 753 1656 793 sed
1684 752 1763 794 hos

224 820 452 874 praecipue
473 821 598 862 Titus
620 820 850 865 Quinctius
872 821 1063 871 domuit,
1099 821 1174 863 ille
1193 821 1377 863 dictator
1407 822 1459 862 ab
1488 829 1655 872 aratro,
1688 822 1762 876 qui

224 891 395 932 obsessa
414 898 457 932 et
476 905 612 945 paene
631 890 719 932 iam
738 898 864 946 capta
883 891 1040 933 Manili
1069 891 1257 933 consulis
1279 899 1418 933 castra
1437 891 1608 946 egregia
1627 891 1763 933 uicto-

156 968 198 1000 10
225 960 289 1001 ria
308 961 588 1014 recuperavit.
621 961 812 1002 medium
831 968 922 1006 erat
942 967 1112 1015 tempus
1132 962 1241 1002 forte
1262 962 1490 1012 sementis,
1512 977 1612 1003 cum
1631 962 1762 1017 patri-

223 1030 339 1071 cium
357 1030 501 1071 uirum
519 1030 719 1072 innixum
739 1038 878 1072 aratro
899 1046 977 1072 suo
995 1031 1119 1072 lictor
1138 1031 1185 1071 in
1204 1031 1298 1085 ipso
1319 1046 1444 1085 opere
1464 1032 1759 1087 deprehendit.

225 1099 325 1139 inde
345 1099 392 1139 iu
412 1098 546 1140 aciem
574 1100 813 1154 profectus,
843 1100 982 1142 uictos
994 1132 1007 1151 ‚
1036 1114 1091 1141 ne
1123 1100 1226 1154 quid
1246 1115 1272 1141 a
1291 1101 1440 1142 rustici
1460 1102 1599 1156 operis
1620 1102 1761 1143 imita-

224 1168 339 1210 tione
359 1176 568 1218 cessaret,
598 1183 715 1211 more
735 1171 950 1224 pecudum
970 1172 1051 1212 sub
1070 1170 1223 1225 iugum
1241 1171 1375 1212 misit.
1409 1171 1470 1213 sic
1490 1171 1762 1226 expeditione

221 1239 346 1280 finita
373 1239 500 1280 rediit
528 1241 583 1281 ad
610 1241 740 1281 boues
770 1255 917 1282 rursus
949 1239 1224 1294 triumphalis
1251 1240 1438 1295 agricola
1457 1265 1512 1273 —-
1533 1242 1664 1283 fidem
1682 1256 1761 1282 nu-

154 1318 195 1351 15
222 1309 390 1351 minum
409 1334 465 1341 —
486 1324 571 1364 qua
597 1310 844 1352 velocitate!
878 1311 993 1351 intra
1020 1310 1266 1364 quindecim
1293 1311 1384 1353 dies
1413 1318 1612 1366 coeptum
1640 1326 1760 1367 pera—

222 1386 423 1433 ctumque
443 1380 629 1430 bellum,
651 1395 824 1435 prorsus
843 1388 894 1422 ut
913 1379 1138 1422 festinasse
1158 1380 1341 1423 dictator
1361 1383 1415 1424 ad
1434 1381 1634 1424 relictum
1653 1397 1759 1437 opus

155 1446 478 1505 [IJuideretur.u

237 1622 318 1663 VI.
351 1622 596 1665 BELLVM
618 1624 746 1665 CVM
768 1624 1060 1665 ETRVSCIS
1083 1623 1352 1665 FALISCIS
1376 1621 1744 1665 VEIENTIBVS

780 1694 1202 1736 FIDENATIBVS.

151 1839 194 1871 20
221 1830 404 1872 Adsidui
425 1845 527 1872 uero
547 1839 590 1873 et
619 1832 902 1874 anniuersarii
927 1832 1072 1873 hostes
1101 1832 1154 1873 ab
1183 1831 1357 1873 Etruria
1386 1832 1504 1872 fuere
1529 1831 1754 1881 Veientes3
1788 1839 1838 1878 12

221 1901 326 1942 adeo
346 1907 395 1942 ut
416 1901 797 1944 extraordinariam
822 1916 1001 1943 manum
1032 1902 1236 1944 aduersus
1260 1915 1332 1942 eos
1352 1900 1595 1956 promiserit
1614 1900 1758 1955 priua—

220 1973 398 2024 tumque
416 1972 595 2026 gesserit
613 1973 776 2014 bellum
795 1986 901 2027 gens
922 1987 1010 2014 una
1031 1972 1276 2013 Fabiorum.
1301 1971 1404 2013 satis
1426 1985 1636 2026 superque
1656 1978 1760 2013 nota

182 2035 185 2038 ⁴
221 2039 376 2081 clades.
421 2041 534 2082 caesi
562 2048 666 2096 aput
695 2042 941 2083 Cremeram
976 2042 1171 2092 trecenti,
1212 2040 1418 2096 patricius
1446 2041 1658 2082 exercitus
1669 2057 1681 2091 ;
1715 2041 1760 2082 id

220 2110 424 2152 scelerato
458 2110 601 2166 signat
629 2111 804 2153 nomine
838 2126 948 2167 quae
975 2112 1291 2167 proficiscentes
1321 2111 1368 2152 in
1396 2111 1607 2166 proelium
1635 2118 1758 2166 porta

151 2186 194 2220 25
221 2180 398 2222 dimisit.
423 2182 498 2222 sed
517 2195 568 2222 ea
587 2181 728 2223 clades
749 2181 996 2237 ingentibus
1018 2181 1188 2236 expiata
1207 2181 1416 2231 uictoriis,
1437 2188 1666 2235 postquam
1685 2195 1761 2235 per

222 2249 327 2299 alios
348 2251 485 2304 adque
506 2250 611 2292 alios
630 2251 928 2293 robustissima
948 2259 1074 2306 capta
1093 2258 1195 2292 sunt
1224 2250 1406 2304 oppida,
1437 2251 1559 2292 uario
1587 2251 1760 2305 quidem

221 2325 395 2359 euentu.
428 2319 585 2362 Falisci
605 2335 649 2362 se
670 2327 821 2375 sponte
850 2321 1129 2370 dediderunt,
1161 2326 1372 2362 crematae
1401 2334 1479 2362 suo
1506 2319 1607 2376 igne
1636 2321 1758 2363 Fide·
1799 2322 1802 2325 '

226 2532 239 2564 1
261 2530 380 2565 uictus
395 2528 459 2563 131¹*
475 2530 487 2575 ΙΙ
513 2529 645 2575 glariae
663 2530 683 2564 b
700 2531 712 2577 ΙΙ
731 2533 750 2565 3
768 2531 914 2566 nomine
929 2540 956 2567 B
973 2533 984 2578 Η
1002 2532 1151 2567 induere
1166 2540 1210 2574 B,
1230 2531 1390 2567 induerit
1402 2532 1442 2566 ΙΡ
1452 2558 1461 2574 ,
1481 2532 1669 2567 induceret
1683 2540 1718 2567 N
1731 2533 1743 2578 ΙΙ

220 2589 240 2619 4
258 2586 399 2620 menius
414 2594 444 2628 Ι,
463 2587 650 2622 menenius
665 2594 710 2629 B,
729 2587 918 2622 moenibus
942 2595 976 2622 Ν
999 2588 1010 2633 [Ι
1035 2592 1185 2634 sugestu
1208 2587 1228 2622 b
1254 2588 1266 2634 ΙΙ
1293 2590 1313 2622 5
1339 2588 1440 2623 fuere
1466 2589 1563 2624 solae
1585 2593 1760 2623 rostratae

220 2643 279 2688 ΝΙΙ
296 2643 468 2677 hicomB
485 2642 496 2688 ΙΙ
524 2645 542 2676 7
561 2643 719 2678 uulsciB
743 2643 755 2689 Η
782 2643 1042 2688 quottidianiB
1059 2643 1070 2689 ΙΙ
1088 2647 1160 2678 etl
1182 2644 1194 2690 ΙΙ
1221 2643 1285 2679 sed
1307 2643 1489 2680 hosomB
1513 2645 1526 2690 l}
1551 2643 1757 2684 9manlii1‚

220 2698 329 2733 marci
346 2697 482 2732 mamili
497 2706 531 2733 Ν
544 2699 556 2744 ΙΙ
573 2699 719 2745 egregia
734 2699 871 2734 uirtute
886 2698 1047 2734 seruauit
1060 2706 1095 2733 Ν
1108 2698 1119 2744 u
1141 2700 1180 2733 11
1198 2699 1244 2734 ab
1259 2704 1421 2735 aratroN
1434 2700 1446 2745 ΙΙ
1467 2702 1507 2734 12
1523 2700 1640 2734 uictos
1657 2711 1713 2733 om
1728 2707 1758 2739 Ι,

214 2757 299 2798 poet
313 2762 468 2791 cessaret
475 2756 654 2803 ponitNfl
685 2757 725 2791 13
743 2755 795 2790 sic
810 2766 866 2790 om
882 2763 903 2790 Ι
924 2755 937 2802 ΙΙ
960 2754 1262 2801 expeditioneque
1286 2763 1307 2790 Ι
1330 2756 1342 2802 Η
1371 2758 1411 2790 14
1436 2755 1532 2790 redit
1555 2755 1628 2789 ΙΡΝ
1651 2755 1662 2799 ΙΙ
1690 2753 1760 2787 fide

222 2808 294 2843 [ΡΝ
309 2809 321 2855 ΙΙ
341 2812 381 2844 18
398 2820 586 2848 ΡΔιιεσνκ
602 2822 650 2848 ΕΤ
666 2819 899 2848 nmmum(
913 2811 926 2857 ff}
941 2818 1144 2846 Pmlscm
1157 2817 1184 2847 B
1201 2811 1214 2857 ιι
1233 2813 1490 2846 19F1DENATIS
1504 2819 1530 2845 B
1547 2811 1558 2856 u
1577 2813 1620 2844 23
1632 2810 1763 2844 idonea

223 2864 342 2900 clades
355 2867 414 2912 ΝΙΙ
431 2867 470 2902 id
484 2868 632 2914 eon-spei.-
650 2868 679 2903 it
693 2876 730 2910 B,
749 2873 787 2903 et
800 2869 860 2914 Nn
876 2869 921 2903 24
937 2867 1080 2913 signata
1094 2875 1129 2902 Ν
1142 2868 1154 2913 ΙΙ
1180 2869 1224 2901 26
1241 2867 1330 2902 alios
1347 2867 1457 2900 duces
1471 2873 1506 2899 N
1519 2866 1531 2910 Η
1550 2868 1591 2899 27
1610 2864 1761 2911 phalisci

223 2927 248 2952 B
265 2920 276 2965 ΙΙ
295 2922 442 2957 cremati
455 2930 487 2956 Ν
502 2924 514 2969 Η
531 2924 802 2969 fidenidaerepti
820 2924 852 2966 b,
871 2923 1010 2959 fidenae
1026 2923 1186 2968 daerepti
1202 2931 1238 2964 Β,
1265 2922 1438 2957 fidenates
1454 2920 1548 2966 rapti
1564 2928 1597 2954 Ν
1611 2921 1622 2965 ΙΙ
