2002 3320
0 2825 10 2943 ..ψ-,γν-
0 2791 3 2810 -
0 2751 1 2754 „

598 205 602 211 Ι
662 233 859 262 armona
880 225 913 270 1,
937 227 995 260 22.
1021 227 1063 260 23
1088 219 1158 275 [11,
1182 228 1218 260 6.
1240 220 1294 276 7].
1712 222 1761 261 41

170 333 204 373 Ι
226 339 507 374 conuerterat.
542 338 664 373 tanto
675 363 688 382 ,
719 331 765 373 id
792 339 857 373 est
886 331 1004 373 omni
1032 346 1117 386 qua
1146 332 1395 387 longissima
1426 331 1554 373 Italia
1581 332 1670 373 solo
1699 332 1763 373 in-

223 402 477 451 teriacente,
529 416 613 456 quo
651 401 853 451 consilio,
901 417 986 457 qua
1013 401 1229 444 celeritate
1259 403 1455 444 consules
1491 408 1629 444 castra
1663 416 1761 443 con-

225 471 494 521 iuncxerint,
527 471 883 526 inopinatumque
911 472 1080 514 hostem
1099 472 1280 514 conlatis
1301 473 1436 527 signis
1457 472 1760 527 oppresserint,

225 556 365 596 neque
385 541 431 583 id
450 542 544 583 fieri
563 542 758 583 Annibal
778 542 974 592 senserit,
998 542 1169 584 difficile
1189 542 1310 584 dictu
1329 549 1407 584 est.
1439 550 1551 583 certe
1571 542 1763 584 Annibal

181 621 201 652 5
221 626 266 653 re
290 610 463 666 cognita
497 626 596 654 cum
637 612 877 667 proiectum
918 611 1061 653 fratris
1082 619 1212 667 caput
1232 613 1286 654 ad
1307 627 1385 653 sua
1405 618 1544 653 castra
1563 612 1759 662 uidisset,

217 677 432 736 ‘agnosco’
454 682 596 736 inquit
611 678 927 723 ‘infelicitatem
946 677 1254 736 Carthaginis?
1285 682 1391 723 haec
1418 682 1502 723 fuit
1528 682 1646 723 illius
1678 682 1761 723 uiri

221 765 309 792 non
330 751 422 792 sine
442 752 663 807 praesagio
684 753 869 806 quodam
888 751 967 793 fati
986 751 1238 793 inminentis
1259 752 1398 806 prima
1417 752 1648 801 confessi03
1673 751 1760 793 iam

219 828 385 862 certum
412 830 503 863 erat
521 821 783 863 Annibalem
802 821 933 863 etiam
960 821 1096 876 ipsius
1117 823 1383 864 confessione
1412 837 1537 876 posse
1567 822 1699 863 uinci.

335 892 420 933 Sed
436 899 500 933 tot
515 907 659 933 rerum
673 906 971 946 prosperarum
989 892 1147 933 fiducia
1161 893 1315 946 plenus
1335 892 1520 947 populus
1536 893 1759 934 Romanus

151 969 191 1001 ιο
218 961 365 1016 magni
385 962 661 1011 aestimabat,
700 961 981 1016 asperrimum
1008 962 1177 1003 hostem
1196 962 1243 1002 in
1264 978 1342 1004 sua
1360 962 1508 1003 Africa
1527 963 1754 1004 debellare.

217 1032 324 1071 duce
359 1030 493 1086 igitur
528 1031 729 1085 Scipione
763 1031 810 1072 in
844 1031 984 1085 ipsam
1018 1031 1210 1072 Africam
1250 1039 1341 1074 tota
1374 1033 1486 1073 mole
1526 1047 1757 1074 conuersus

216 1100 376 1141 imitari
395 1100 536 1154 coepit
554 1101 815 1142 Annibalem
835 1107 878 1142 et
898 1100 1051 1142 Italiae
1072 1115 1175 1142 suae
1204 1102 1347 1143 clades
1374 1102 1421 1142 in
1441 1102 1586 1142 Africa
1616 1101 1758 1143 uindi-

216 1185 325 1211 care.
360 1185 465 1225 quas
484 1170 575 1220 ille,
599 1170 660 1211 dii
679 1170 798 1220 boni,
822 1170 1111 1212 Hasdrubalis
1132 1171 1275 1225 copias
1295 1171 1432 1221 fudit,
1465 1186 1570 1225 quos
1592 1171 1757 1226 Sypha-

216 1240 277 1282 cis
297 1240 521 1282 Numidici
548 1240 660 1295 regis
687 1240 928 1295 equitatus!
964 1255 1073 1294 quae
1095 1248 1340 1295 quantaque
1367 1241 1591 1295 utriusque
1619 1248 1758 1282 castra

146 1319 188 1351 15
216 1311 378 1353 facibus
399 1310 546 1352 inlatis
568 1325 656 1351 una
674 1317 800 1351 nocte
820 1310 1005 1352 deleuit!
1039 1311 1224 1365 denique
1251 1311 1340 1353 iam
1367 1326 1455 1353 non
1487 1327 1512 1353 a
1541 1312 1668 1353 tertio
1695 1312 1756 1353 la-

214 1381 328 1436 pide,
353 1383 428 1423 sed
447 1380 562 1435 ipsas
584 1380 860 1435 Carthaginis
887 1387 1032 1435 portas
1061 1380 1282 1422 obsidione
1312 1382 1547 1436 quatiebat.
1582 1381 1643 1423 sic
1670 1382 1756 1423 fac-

215 1458 309 1492 tum
341 1458 390 1492 ut
418 1451 716 1492 inhaerentem
736 1458 864 1504 atque
885 1450 1162 1492 incubantem
1182 1451 1338 1493 Italiae
1365 1458 1637 1506 extorqueret
1665 1453 1755 1493 An-

213 1521 415 1563 nibalem.
449 1535 538 1562 non
565 1520 648 1562 fuit
674 1520 811 1562 maior
838 1521 918 1562 sub
947 1520 1126 1575 imperio
1156 1522 1354 1562 Romano
1384 1521 1475 1562 dies
1506 1537 1635 1576 quam
1662 1521 1752 1571 ille,

214 1578 312 1632 cum
342 1592 428 1632 duo
448 1590 642 1631 omnium
663 1597 706 1631 et
726 1599 853 1632 antea
873 1598 917 1632 et
935 1598 1085 1645 postea
1103 1592 1264 1632 ducum
1289 1591 1476 1632 maxime
1497 1593 1625 1633 duces
1637 1623 1650 1641 ,
1681 1591 1755 1633 ine

141 1668 185 1701 20
214 1660 382 1710 Italiae,
406 1660 477 1701 1110
497 1660 738 1714 Hispaniae
759 1660 921 1710 uictor,
944 1661 1111 1703 collatis
1133 1661 1371 1702 comminus
1400 1661 1535 1716 signis
1564 1661 1754 1703 direxere

213 1730 364 1772 aciem.
398 1732 473 1772 sed
502 1737 545 1771 et
573 1730 850 1785 conloquium
876 1730 960 1771 fuit
991 1731 1104 1783 inter
1133 1731 1247 1785 ipsos
1278 1733 1331 1772 de
1359 1731 1527 1786 legibus
1565 1731 1682 1785 pacis
1713 1738 1756 1772 et

212 1807 424 1842 steterunt
443 1800 520 1842 diu
539 1807 694 1850 mutua
714 1801 996 1842 admiratione
1017 1801 1162 1842 defixi.
1195 1800 1272 1842 ubi
1292 1802 1344 1842 de
1364 1815 1469 1856 pace
1490 1816 1579 1843 non
1599 1817 1754 1844 conue-

211 1870 302 1920 nit,
335 1870 459 1925 signa
488 1869 694 1912 cecinere.
727 1878 896 1912 constat
925 1871 1151 1925 utriusque
1180 1871 1445 1913 confessione
1482 1887 1561 1913 nec
1599 1871 1754 1914 melius

211 1940 368 1982 instrui
388 1940 523 1982 aciem
542 1955 622 1981 nec
642 1939 781 1981 acrius
802 1940 993 1995 potuisse
1013 1941 1220 1996 pugnari3
1246 1942 1328 1983 hoc
1359 1942 1503 1997 Scipio
1533 1943 1586 1983 de
1616 1941 1753 1983 Anni-

140 2018 183 2050 25
210 2010 336 2060 balis,
358 2010 551 2052 Annibal
570 2011 623 2052 de
644 2010 857 2065 Scipionis
878 2011 1093 2053 excercitu
1107 2012 1479 2066 praedicanerunt.
1515 2014 1588 2054 sed
1610 2019 1754 2054 tamen

209 2080 400 2122 Annibal
430 2080 584 2130 cessit,
621 2080 943 2135 praemiumque
979 2081 1184 2123 uictoriae
1213 2082 1360 2124 Africa
1396 2082 1480 2124 fuit
1508 2090 1551 2124 et
1580 2090 1752 2124 secutus

143 2150 397 2205 [IJAfricam
418 2151 564 2192 statim
584 2158 793 2192 terrarum
813 2148 969 2193 orbis.u

369 2309 553 2349 XXIII.
587 2308 833 2349 BELLVM
855 2309 1307 2352 MACEDONICVM
1329 2310 1594 2352 PRIMVM.

213 2448 316 2487 Post
339 2445 647 2500 Carthaginem
667 2445 784 2487 uinci
804 2446 1022 2488 neminem
1051 2448 1221 2502 puduit.
1256 2448 1404 2490 statim
1422 2449 1612 2491 Africam
1633 2465 1750 2492 secu·
1770 2466 1822 2502 11,
1840 2453 1862 2491 7

139 2524 183 2556 3ο
211 2523 335 2558 cutae
367 2522 469 2557 sunt
497 2522 647 2570 gentes
660 2547 672 2565 ‚
706 2516 960 2558 Macedonia
987 2517 1170 2559 Graecia
1199 2518 1324 2573 Syria
1353 2525 1576 2573 ceteraque
1606 2520 1751 2562 onmia

214 2692 226 2723 1
255 2690 507 2736 longissimum
530 2690 600 2725 fuit
623 2690 743 2725 italiae
767 2699 793 2725 B
818 2690 830 2736 Β
855 2693 875 2725 3
900 2691 1201 2738 inopinanterque
1223 2701 1257 2728 N
1280 2693 1291 2739 ΙΙ
1316 2694 1581 2740 conpresserint
1611 2702 1644 2728 N
1667 2695 1678 2738 ΙΙ
1709 2697 1749 2728 10

210 2746 468 2792 hasperrimum
482 2754 509 2781 B
525 2747 536 2792 ΙΙ
558 2748 596 2781 11
623 2747 770 2782 africam
794 2755 828 2782 N
851 2747 863 2793 ΙΙ
895 2750 935 2782 13
961 2748 1058 2784 fudit
1081 2760 1138 2783 om
1159 2756 1194 2783 N
1215 2750 1227 2796 ΙΙ
1250 2750 1416 2796 syphacis
1449 2750 1626 2784 exercitus
1655 2750 1749 2783 fudit

210 2810 243 2836 N
257 2802 269 2847 ΙΙ
289 2804 328 2836 1-1
353 2803 541 2849 utriusque
565 2803 687 2838 0188818
713 2808 830 2838 castra
851 2811 898 2839 Β]
920 2804 932 2850 ΙΙ
961 2807 1001 2839 19
1027 2810 1111 2840 ante
1135 2813 1188 2841 IN
1209 2806 1220 2852 ΙΙ
1244 2806 1392 2841 maximi
1417 2814 1436 2840 Ι
1452 2807 1463 2850 H
1489 2808 1528 2839 21
1558 2805 1657 2850 pacis
1680 2810 1749 2840 ste-

213 2861 336 2892 terunt
356 2866 407 2892 IN
428 2860 441 2904 ΙΙ
458 2861 502 2893 22
519 2859 583 2894 11111
599 2871 685 2895 uero
703 2860 748 2895 de
763 2869 784 2894 Ι
798 2860 809 2906 ΙΙ
827 2862 869 2895 24
888 2860 1066 2907 potuisset
1083 2869 1115 2896 N
1131 2861 1144 2907 ἢ
1161 2864 1203 2897 25
1222 2862 1267 2896 de
1284 2861 1454 2907 scipionis
1473 2881 1514 2886 —
1532 2861 1677 2895 annibal
1694 2873 1748 2895 om

211 2921 235 2946 Β
254 2913 265 2957 ΙΙ
283 2914 326 2947 28
344 2922 495 2950 rmuvu
512 2928 567 2950 om
583 2924 618 2951 N
631 2917 642 2962 ΙΙ
662 2919 704 2952 29
722 2922 864 2953 secutae
880 2908 969 2953 sunt
982 2918 1103 2953 statim
1120 2918 1266 2953 africam
1283 2923 1409 2963 gentes
1425 2924 1459 2951 N
1473 2917 1484 2960 11
