2002 3320
272 228 346 264 XL
885 280 895 289 ·
926 240 1187 268 PRAEFATIO.

275 353 364 379 esse
383 338 574 392 plerique
595 345 817 393 putarunt.
862 339 1113 392 Spartianus
1135 340 1251 381 enim
1271 341 1323 381 de
1344 340 1570 383 Hadriano
1598 341 1709 383 iuter
1736 341 1828 398 alia
1862 346 1866 348 “

274 409 379 449 haec
399 409 525 449 refert
554 409 646 460 (16)
676 408 808 448 Floro
818 414 971 461 poetae
989 409 1189 451 scribenti
1206 411 1268 452 ad
1282 424 1327 451 se

629 472 720 531 ‘eqo
739 477 834 518 nolo
861 479 1019 519 Caesar
1038 494 1139 530 esse,

649 547 865 588 ambulare
875 562 959 601 per
978 548 1228 600 Britannos,

783 638 804 660 *-
861 639 882 660 ¹*
939 638 961 663 U
1017 638 1038 660 θΙῐ·

651 687 873 744 Scythicas
884 688 987 743 pati
995 684 1202 743 pruinas'

277 756 493 809 rescripsit

635 823 725 881 ‘eqo
745 828 840 868 nolo
860 828 1018 869 Florus
1038 843 1139 878 esse,

649 898 867 940 ambulare
876 912 961 952 per
982 899 1191 949 tabernas,

652 968 823 1010 latitare
833 967 920 1022 per
929 969 1132 1023 popinas,

648 1038 800 1080 culices
812 1030 914 1093 pati
931 1034 1162 1081 rotundos.³

275 1109 390 1162 apud
410 1108 654 1150 Charisium
681 1123 783 1151 uero
813 1109 1019 1164 scriptum
1047 1109 1228 1164 legimus
1260 1111 1282 1151 Ι
1312 1125 1340 1164 Ρ
1364 1114 1414 1151 38
1454 1111 1626 1154 Annius
1666 1112 1824 1154 Florus

274 1179 334 1219 ad
352 1178 498 1220 diuum
527 1179 808 1221 Hadrianum
832 1176 1052 1234 ‘poematis
1085 1175 1282 1222 delector’
1305 1205 1359 1211 -—
1380 1196 1488 1235 quae
1509 1183 1532 1223 I
1553 1197 1580 1236 Ρ
1607 1187 1683 1223 113
1705 1197 1822 1238 repe-

275 1255 439 1299 tuntur,
463 1250 547 1290 nisi
568 1252 681 1304 quod
700 1257 865 1304 praeter
885 1250 1086 1292 ultimum
1105 1266 1125 1292 s
1147 1258 1286 1310 totum
1304 1251 1440 1292 Annii
1459 1267 1612 1293 nomen
1635 1253 1824 1293 deletum

273 1326 337 1359 est
358 1343 438 1369 —-,
462 1327 505 1360 et
527 1322 549 1361 I
569 1335 598 1374 p
620 1324 670 1360 99
695 1321 851 1362 Florus
873 1323 933 1362 ad
950 1321 1097 1362 diuum
1124 1321 1403 1362 Hadrianum
1428 1318 1572 1376 ‘quasi
1597 1323 1648 1363 de
1675 1324 1823 1364 Arabe

273 1394 349 1430 aut
377 1391 582 1431 Sarmata
609 1386 866 1432 manubias³.
918 1391 988 1432 hic
1026 1392 1175 1433 Florus
1206 1392 1311 1446 quin
1342 1392 1456 1433 idem
1482 1407 1581 1433 cum
1609 1401 1736 1447 poeta
1765 1394 1821 1435 sit

272 1459 393 1500 nulla
413 1460 639 1502 dubitandi
669 1476 797 1501 causa
825 1468 888 1502 est
897 1478 909 1510 3
943 1469 986 1502 et
1015 1477 1114 1503 cum
1142 1462 1187 1502 in
1217 1461 1401 1503 Charisii
1432 1462 1690 1504 editionibus
1719 1463 1823 1505 olim

271 1530 447 1570 Anneus
468 1530 703 1584 legeretur,
734 1531 845 1572 nihil
866 1531 957 1573 ueri
977 1531 1158 1573 similius
1180 1532 1317 1573 uideri
1337 1531 1478 1586 potuit
1509 1547 1636 1586 quam
1656 1535 1708 1575 L.
1731 1534 1821 1576 An-

271 1613 428 1640 naeum
449 1601 624 1642 Florum
645 1602 724 1642 sub
746 1602 970 1643 Hadriano
989 1602 1148 1645 uixisse
1166 1609 1292 1656 atque
1307 1610 1474 1656 praeter
1490 1603 1575 1644 alia
1591 1604 1821 1658 epitomen

270 1684 413 1710 rerum
434 1671 725 1713 Romanarum
753 1679 795 1713 et
825 1672 1013 1713 carmina
1042 1673 1270 1727 scripsisse.
1323 1679 1466 1714 noster
1495 1680 1639 1714 autem
1668 1674 1820 1716 Florus

271 1739 375 1793 quin
397 1741 475 1781 sub
496 1742 719 1785 Hadriano
740 1742 897 1783 uixerit
918 1742 1004 1784 iam
1023 1758 1110 1784 non
1130 1750 1271 1798 potest
1281 1742 1460 1784 dubium
1470 1758 1576 1793 esse,
1595 1751 1821 1799 postquam

269 1826 297 1864 Ρ
321 1814 360 1860 6,
388 1814 410 1850 6
433 1811 565 1853 mouit
585 1812 761 1853 lacertos
783 1821 826 1854 et
845 1828 873 1867 p
897 1817 937 1863 6,
965 1818 990 1854 8
1009 1813 1191 1855 reuiruit
1210 1829 1232 1854 e
1254 1814 1396 1869 codice
1417 1819 1455 1854 B
1474 1814 1722 1856 restitutum
1738 1823 1816 1857 est.

242 1920 247 1927 ,
269 1880 449 1922 missum
468 1882 555 1922 iam
574 1882 710 1924 facere
731 1898 904 1937 possum
924 1885 1037 1937 quod
1059 1885 1113 1924 ad
1141 1886 1324 1925 eundem
1344 1885 1521 1926 Florum
1539 1900 1674 1939 parua
1693 1901 1819 1941 quae-

269 1952 368 1992 dam
388 1952 578 1994 carmina
598 1954 839 1994 referuntur
860 1968 885 1995 a
906 1955 957 1994 P.
983 1954 1163 1995 Pithoeo
1194 1954 1331 2009 primo
1358 1955 1404 1996 in
1434 1955 1727 2010 anthologiam
1754 1971 1819 1997 re-

267 2028 403 2076 cepta.
467 2037 517 2063 ea
552 2023 667 2064 enim
699 2024 745 2064 in
783 2023 981 2065 Salmasii
1017 2024 1189 2078 quidem
1224 2025 1367 2066 codice
1404 2025 1531 2067 Flori
1541 2057 1554 2074 ,
1586 2025 1632 2066 in
1669 2026 1814 2067 Thua-

266 2107 347 2133 neo
377 2107 480 2134 uero
509 2093 683 2135 Floridi
709 2109 798 2135 esse
826 2093 1049 2144 dicuntur,
1088 2101 1136 2135 ut
1166 2109 1230 2136 res
1260 2110 1429 2148 prorsus
1459 2095 1622 2136 incerta
1651 2095 1730 2146 sit,
1765 2098 1817 2138 de

267 2177 351 2216 qua
372 2162 407 2203 si
429 2163 522 2217 quis
553 2164 692 2205 uarias
724 2163 983 2218 suspiciones
1013 2179 1262 2218 cognoscere
1291 2165 1433 2219 cupit,
1473 2172 1684 2219 quantum
1715 2165 1817 2208 satis

266 2241 329 2273 cst
350 2233 530 2287 reperiet
559 2236 671 2288 apud
690 2232 1292 2290 'VVernsdorfium‘poetarum
1319 2236 1572 2277 Latinorum
1600 2236 1818 2278 minorum

266 2304 338 2344 ΙΙΙ
360 2319 388 2357 Ρ
411 2308 491 2344 450
508 2336 519 2353 ,
552 2305 652 2347 IIII
673 2321 701 2360 p
725 2309 832 2355 854,
865 2306 930 2347 VI
951 2320 979 2359 p
1003 2311 1070 2346 25.
1104 2307 1178 2347 sed
1207 2321 1293 2347 non
1323 2308 1682 2360 praetereundum
1708 2306 1817 2348 mihi

265 2382 328 2413 est
350 2374 463 2414 Flori
484 2374 772 2429 fragmentum
794 2377 906 2430 quod
926 2376 973 2417 in
1003 2376 1146 2418 codice
1175 2376 1447 2418 Bruxellensi
1482 2380 1614 2418 10677
1647 2377 1816 2419 saeculo

264 2444 361 2484 XII
382 2443 427 2483 in
448 2445 705 2486 membranis
728 2446 884 2500 scripto
906 2462 930 2487 a
951 2447 1171 2488 Theodoro
1202 2447 1384 2488 Oehlero
1413 2446 1643 2488 inuentum
1671 2453 1714 2488 et
1743 2448 1813 2488 de·

263 2513 468 2567 scriptum
489 2515 523 2555 F
525 2514 728 2556 ridericus
751 2517 1014 2558 Ritschelius
1037 2532 1126 2558 ase
1147 2524 1189 2558 et
1211 2517 1451 2572 Schopenio
1473 2517 1638 2572 egregie
1660 2524 1812 2558 tracta-

264 2591 357 2624 tum
378 2583 510 2624 edidit
530 2585 673 2626 Musei
695 2587 897 2628 Rhenani
918 2588 985 2629 sui
1006 2589 1028 2629 I
1048 2603 1076 2643 p
1102 2592 1179 2629 302
1202 2603 1292 2643 sqq.
1346 2603 1446 2629 cum
1473 2595 1619 2642 postea
1640 2602 1811 2642 excapo-

262 2654 424 2708 grapho
441 2655 555 2708 quod
574 2655 762 2697 Bockius
790 2658 1026 2699 confecerat
1042 2658 1182 2699 uarias
1207 2660 1413 2713 quasdam
1435 2658 1637 2699 lectiones
1652 2657 1813 2699 ibidem

261 2738 289 2778 p
313 2727 391 2764 479
423 2724 560 2765 editae
589 2733 745 2776 essent,
790 2727 1011 2781 equidem,
1057 2736 1105 2769 ut
1135 2736 1248 2770 certo
1281 2728 1431 2770 scirem
1460 2727 1563 2782 quid
1589 2727 1635 2768 in
1668 2728 1811 2770 codice

261 2801 446 2844 extaret,
471 2809 496 2835 a
515 2795 713 2836 Conrado
734 2796 944 2838 Bursiano
965 2797 1088 2838 facile
1109 2798 1323 2852 inpetraui
1343 2804 1417 2848 ut,
1449 2788 1811 2840 dum'Bruxellae

260 2872 568 2916 commoratur,
592 2865 778 2907 codicem
802 2867 943 2908 denuo
964 2874 1196 2908 excuteret.
1240 2868 1286 2910 in
1307 2883 1391 2922 quo
1414 2882 1522 2922 quae
1542 2867 1643 2909 inde
1663 2883 1689 2909 a
1708 2867 1811 2910 folio

263 2939 313 2974 73
335 2950 458 2976 uerso
480 2936 709 2991 leguntur,
740 2937 963 2978 emendate
996 2935 1152 2991 scripta
1179 2945 1390 2992 repetam,
1423 2938 1485 2979 ita
1504 2944 1554 2979 ut
1575 2940 1807 2994 quodcum-
