2002 3320
159 336 190 376 I

168 626 188 658 5

150 977 191 1009 10

146 1326 188 1358 15

146 1674 190 1707 20

147 2024 190 2056 25

738 237 935 266 ΕΡιΤοΜΑ
955 237 988 274 1,
1014 230 1055 264 18
1079 222 1150 279 [11‚
1174 220 1229 278 2].
1697 223 1746 265 31

213 336 298 378 nisi
317 337 528 391 paruisset
541 367 554 386 ,
583 335 722 377 securi
741 335 942 378 destricta
961 335 1189 391 imperator
1207 343 1328 377 metu
1345 335 1494 379 mortis
1514 336 1749 392 nauigandi

212 406 314 448 fecit
345 405 582 447 audaciam.
628 420 731 447 mox
766 406 921 448 deinde
957 405 1100 448 uentis
1128 406 1340 461 remisque
1367 413 1640 461 properatum
1667 415 1746 456 est,

215 483 445 530 tantusque
474 483 606 517 terror
632 476 787 517 hostici
817 478 1028 518 aduentus
1061 476 1218 518 Poenis
1246 476 1329 517 fuit
1359 484 1409 517 ut
1417 493 1423 511 .·
1438 477 1594 530 apertis
1613 491 1749 531 paene

213 546 344 602 portis
366 546 582 600 Carthago
602 553 836 600 caperetur.
869 546 1133 601 prooemium
1163 546 1266 587 belli
1294 546 1378 588 fuit
1398 546 1550 587 ciuitas
1571 547 1744 601 Clipea;

212 616 350 671 prima
369 615 484 657 enim
515 630 540 657 a
569 615 735 658 Punico
764 615 887 658 litore
918 616 1039 671 quasi
1066 630 1142 658 arx
1170 623 1213 658 et
1242 616 1414 670 specula
1442 616 1664 670 procurrit.
1706 623 1749 657 et

215 687 319 728 haec
340 693 383 727 et
404 693 594 727 trecenta
614 685 797 740 amplius
818 687 994 728 castella
1011 693 1182 728 uastata
1201 692 1317 727 sunt.
1341 699 1422 727 nec
1441 699 1541 726 cum
1560 685 1746 727 homini-

214 757 319 807 bus,
357 757 431 798 sed
465 770 565 798 cum
590 756 791 799 monstris
820 771 988 813 quoque
1015 756 1267 798 dimicatum
1296 762 1360 797 est
1372 787 1385 807 ,
1423 770 1523 797 cum
1551 756 1674 811 quasi
1701 756 1748 797 in

215 828 453 870 uindictam
472 827 641 869 Africae
660 835 763 870 nata
781 828 914 870 mirae
932 828 1244 885 magnitudinis
1274 842 1446 883 serpens
1476 827 1616 882 posita
1644 835 1748 883 aput

215 901 457 953 Bagradam
485 906 622 940 castra
648 899 886 941 uexauerit.
936 907 1002 941 set
1028 899 1223 941 omnium
1256 898 1393 940 uictor
1425 898 1620 953 Regulus
1649 912 1748 939 cum

219 976 422 1010 terrorem
442 968 629 1010 nominis
650 969 718 1010 sui
738 970 834 1011 late>
853 969 1186 1011 circumtulisset
1216 982 1398 1022 cumque
1424 982 1628 1022 magnam
1656 967 1748 1009 uim

216 1038 454 1080 iuuentutis
472 1040 685 1093 ducesque
704 1038 818 1092 ipsos
840 1045 915 1080 aut
935 1038 1158 1080 cecidisset
1178 1045 1254 1079 aut
1275 1038 1456 1079 haberet
1475 1037 1522 1078 in
1542 1037 1746 1087 uinculis,

216 1109 477 1162 classemque
496 1108 664 1162 ingenti
682 1108 839 1162 praeda
859 1113 1059 1149 onustam
1088 1114 1131 1148 et
1160 1107 1379 1162 triumpho
1406 1122 1583 1162 grauem
1611 1107 1658 1148 in
1679 1123 1747 1149 ur-

213 1179 312 1220 bem
331 1177 634 1232 praemisisset,
655 1177 744 1219 iam
762 1177 902 1232 ipsam
921 1177 1026 1219 beni
1046 1185 1175 1232 caput
1205 1177 1513 1232 Carthaginem
1539 1178 1749 1232 urguebat

215 1247 379 1289 obsidio
398 1248 586 1302 ipsisque
606 1248 738 1302 portis
758 1248 1023 1290 inhaerebat.
1056 1247 1128 1288 hic
1147 1246 1375 1302 paululum
1395 1247 1652 1288 circumacta
1666 1247 1748 1288 for-

216 1324 323 1359 tuna
356 1324 445 1367 est,
483 1324 655 1359 tantum
690 1325 741 1359 ut
774 1319 900 1373 plura
919 1324 1061 1359 essent
1090 1320 1312 1360 Romanae
1339 1317 1514 1359 uirtutis
1542 1317 1747 1371 insignia,

215 1387 337 1429 cuius
357 1387 443 1429 fere
470 1388 723 1442 magnitudo
753 1388 1068 1429 calamitatibus
1099 1389 1369 1442 adprobatur.
1402 1402 1506 1429 nam
1534 1387 1749 1428 conuersis

217 1459 269 1499 ad
291 1465 466 1498 externa
486 1457 646 1498 auxilia
664 1458 860 1499 hostibus
873 1490 886 1508 ,
919 1473 1019 1499 cum
1047 1457 1352 1512 Xanthippum
1380 1457 1467 1498 illis
1496 1458 1649 1498 ducem
1669 1458 1749 1498 La-

216 1528 446 1568 cedaemon
464 1526 677 1576 misisset,
707 1541 733 1567 a
759 1527 852 1568 uiro
881 1527 1061 1568 militiae
1090 1526 1346 1581 peritissimo
1375 1526 1591 1568 uincimur
1628 1527 1752 1567 foeda

218 1595 337 1638 clade
382 1596 674 1651 Romanisque
708 1611 791 1638 usu
825 1597 1071 1652 incognita:
1122 1596 1251 1638 uiuus
1285 1596 1332 1637 in
1365 1611 1519 1638 manus
1561 1596 1752 1638 hostium

217 1666 339 1708 uenit
359 1666 614 1708 fortissimus
642 1666 886 1720 imperator.
920 1668 995 1707 sed
1022 1666 1098 1707 ille
1125 1665 1299 1720 quidem
1318 1680 1395 1720 par
1413 1673 1559 1707 tantae
1580 1665 1751 1707 calami-

219 1736 299 1778 tati
327 1736 433 1785 fuit;
466 1743 569 1777 nam
602 1750 682 1777 nec
711 1736 877 1777 Punico
905 1749 1070 1777 carcere
1099 1735 1305 1776 infractus
1337 1739 1509 1777 est'nec
1538 1735 1752 1790 legatione

217 1813 426 1860 suscepta.
460 1806 617 1860 quippe
647 1806 817 1847 diuersa
845 1820 974 1860 quam
1001 1806 1136 1847 hostis
1165 1806 1445 1847 mandauerat
1474 1806 1665 1855 censuit,
1696 1820 1752 1846 ne

216 1890 302 1931 pax
320 1877 465 1925 fieret,
495 1890 552 1916 ne
571 1876 849 1917 commutatio
869 1875 1139 1933 captiuorum
1159 1875 1430 1930 reciperetur.
1465 1877 1539 1917 sed
1567 1890 1648 1916 nec
1677 1875 1754 1916 illo

217 1945 460 1987 uoluntario
488 1946 541 1986 ad
569 1945 704 1987 hostis
735 1960 833 1987 suos
861 1945 1003 1987 reditu
1030 1951 1111 1986 nec
1147 1945 1302 1986 ultimo
1332 1945 1424 1987 siue
1470 1945 1648 1988 carceris
1679 1959 1754 1987 seu

218 2015 354 2057 crucis
374 2015 583 2070 supplicio
604 2015 840 2056 deformata
876 2015 1098 2065 maiestas3
1132 2002 1265 2056 immo
1293 2015 1361 2057 his
1393 2015 1591 2056 omnibus
1620 2014 1753 2056 admi-

215 2085 389 2127 rabilior
408 2084 511 2139 quid
532 2085 650 2126 aliud
670 2100 800 2139 quam
819 2085 958 2127 uictor
978 2087 1030 2126 de
1051 2084 1284 2126 uictoribus
1306 2092 1433 2139 atque
1462 2085 1593 2126 etiam
1605 2117 1617 2134 ,
1655 2084 1756 2137 quia

221 2155 436 2210 Carthago
456 2169 544 2196 non
565 2162 771 2204 cesserat,
795 2156 847 2196 de
867 2155 1041 2196 fortuna
1061 2154 1373 2210 triumphauit?
1404 2155 1588 2208 populus
1610 2160 1755 2193 autem

219 2225 442 2282 Romanus
474 2224 613 2266 multo
649 2224 783 2265 acrior
811 2224 1100 2278 intentiorque
1129 2238 1205 2278 pro
1242 2216 1406 2264 ultione
1438 2222 1599 2277 Reguli
1627 2236 1755 2276 quam

222 2308 297 2348 pro
317 2293 498 2335 uictoria
514 2293 613 2335 fuit.

139 2442 155 2458 ο
226 2430 238 2461 1
259 2428 463 2492 paruissent
477 2434 503 2462 Β
519 2427 531 2473 ΙΙ
547 2427 740 2473 imperator
756 2440 828 2475 quo
844 2434 944 2464 metu
959 2436 984 2463 B
1001 2428 1013 2474 Π
1038 2428 1244 2492 nauigando
1259 2435 1285 2462 B
1302 2428 1313 2473 ΙΙ
1331 2429 1351 2462 2
1370 2427 1500 2462 denide
1515 2435 1549 2461 N
1563 2428 1574 2473 ΙΙ
1591 2429 1612 2461 4
1631 2438 1756 2473 prooe-

221 2484 333 2518 mium
349 2483 435 2518 belli
450 2483 597 2528 seripsi:
614 2484 729 2529 prima
743 2484 920 2530 premium
934 2484 1022 2519 belli
1044 2492 1106 2526 ΒΙ,
1132 2484 1247 2530 prima
1268 2483 1355 2518 belli
1380 2483 1577 2529 praemium
1601 2491 1635 2518 N
1658 2483 1669 2527 Η
1695 2482 1756 2517 cli-

219 2552 323 2586 peam
338 2548 375 2581 Β,
395 2540 519 2586 clypea
533 2539 570 2574 1'·
587 2540 598 2585 ΙΙ
617 2542 637 2574 5
654 2552 731 2575 arcs
746 2545 784 2575 et
797 2548 843 2582 Β,
868 2545 1004 2575 arasset
1018 2548 1051 2575 N
1072 2540 1084 2586 ΙΙ
1109 2543 1129 2575 8
1153 2545 1260 2574 natus
1286 2547 1307 2573 Ι
1328 2539 1340 2585 ss
1358 2541 1379 2573 9
1395 2539 1590 2585 bragadam
1606 2547 1651 2580 Β,
1677 2539 1756 2573 bra-

223 2596 347 2630 cadam
362 2604 383 2630 Ι
397 2595 409 2641 ΙΙ
427 2597 576 2630 uexaret
590 2603 623 2630 N
637 2596 648 2641 11
671 2598 710 2631 10
727 2601 898 2632 terrorem
914 2597 951 2631 in
969 2607 1092 2631 omnes
1116 2596 1174 2630 sui
1196 2603 1230 2630 N
1252 2595 1264 2641 ΙΙ
1294 2597 1331 2630 11
1361 2595 1548 2630 cecidisset
1572 2595 1638 2628 edd
1660 2597 1755 2629 ποετ.-

225 2652 402 2697 coepisset
416 2659 480 2693 ΒΙ,
509 2651 662 2697 cepisset
676 2659 710 2686 N
730 2652 742 2698 ΙΙ
771 2655 811 2687 12
828 2652 918 2687 urbe
933 2661 959 2687 Β
976 2653 988 2698 n
1009 2654 1048 2686 13
1066 2656 1141 2687 tam
1156 2659 1182 2686 Β
1199 2651 1211 2697 ΙΙ
1240 2651 1318 2697 ipsa
1333 2659 1358 2685 Β
1369 2678 1377 2693 ,
1410 2651 1528 2696 ipsum
1545 2650 1584 2684 11⁹
1595 2650 1624 2694 ,ΙΙ
1650 2654 1757 2694 caput

219 2708 371 2754 belliNss
393 2710 431 2742 14
450 2708 668 2742 obsidione!
682 2708 694 2753 ss
711 2708 901 2753 paulumN
913 2708 926 2755 ΙΙ
947 2708 1268 2754 IYsanthippumN
1284 2708 1296 2753 ΙΙ
1318 2709 1357 2742 18
1369 2707 1549 2741 uincimur
1557 2710 1635 2739 tum
1652 2703 1757 2738 foeda

223 2771 264 2804 N,
290 2764 438 2809 regulus
454 2764 574 2798 uictus
591 2768 646 2798 est
661 2764 838 2810 foedaque
853 2772 875 2798 Ι
888 2764 900 2810 ΙΙ
922 2766 962 2799 19
979 2764 1080 2799 clade
1095 2763 1244 2809 sempsi:
1269 2763 1388 2798 clades
1404 2770 1482 2796 ΒΙΝ
1496 2762 1507 2806 ΙΙ
1526 2759 1671 2805 cognita
1685 2767 1712 2792 Β
1728 2758 1740 2802 ΙΙ

225 2829 308 2852 nam
323 2819 460 2854 uiuus!
475 2820 486 2865 ΙΙ
505 2823 547 2854 20
559 2820 771 2855 calamitatis
786 2819 856 2854 ΙᾸΝ
869 2821 880 2865 ΙΙ
899 2823 942 2855 22
958 2821 1080 2855 hostes
1095 2828 1154 2855 ΒΝ
1167 2820 1178 2866 11
1196 2819 1455 2854 mandauerant
1470 2824 1500 2849 N
1517 2816 1527 2860 ΙΙ
1547 2817 1589 2848 23
1607 2824 1689 2847 neco
1717 2819 1754 2852 Β,

226 2885 292 2908 nec
307 2882 328 2908 Ι
341 2875 353 2919 ss
371 2876 650 2910 commutatione
665 2884 699 2910 N
713 2876 724 2921 ΙΙ
742 2879 785 2910 2⁴
802 2876 925 2911 hostes
940 2885 992 2911 IN
1005 2877 1017 2922 ΙΙ
1034 2876 1198 2911 redditus
1213 2884 1239 2909 Β
1256 2876 1268 2920 Η
1286 2885 1424 2909 carcere
1435 2879 1484 2906 ΙΝ
1499 2871 1510 2915 Η
1528 2870 1605 2903 siue
1621 2867 1756 2912 suppli-

229 2931 284 2964 cio
299 2939 319 2964 ι
333 2931 345 2975 ΙΙ
363 2933 406 2965 26
424 2931 575 2966 uictusN
589 2933 601 2977 ΙΙ
619 2935 661 2967 2⁶3
679 2932 915 2978 infestiorque
930 2941 964 2966 N
978 2934 990 2977 ΙΙ
