2002 3320
686 235 883 264 EPITOMA
905 233 939 270 1,
963 227 1020 262 23.
1045 229 1089 262 24
1114 222 1184 277 [11,
1208 231 1243 263 7.
1269 222 1324 277 8].
1730 224 1784 263 43

248 343 342 377 tum
360 333 561 383 reddidit,
584 340 632 375 ut
651 333 820 388 legibus
841 333 1009 375 uiueret
1030 333 1119 375 suis
1139 340 1184 375 et
1204 333 1323 375 auita
1338 333 1535 375 libertate
1554 334 1780 376 frueretur.

246 419 357 459 quae
373 404 546 459 gaudia,
569 419 678 458 quae
694 403 1019 446 uociferationes
1035 404 1225 453 fuerunt,
1249 418 1348 444 cum
1368 404 1450 445 hoc
1470 404 1578 445 forte
1594 405 1783 446 Nemeae

244 475 291 515 in
325 475 493 516 theatro
527 474 920 528 quinquennalibus
954 474 1069 516 ludis
1105 489 1131 515 a
1164 488 1372 528 praecone
1406 474 1650 516 caneretur!
1698 489 1783 529 quo

243 551 458 586 certauere
478 544 654 598 plausu!
687 544 792 598 quid
819 544 974 585 florum
988 544 1035 585 in
1055 543 1276 586 consulem
1295 544 1598 598 profuderunt!
1641 551 1685 586 et
1704 544 1782 586 ite-

191 623 212 655 5
238 628 336 655 rum
369 614 611 670 iterumque
638 629 891 669 praeconem
918 621 1107 668 repetere
1135 628 1284 655 uocem
1314 613 1435 655 illam
1463 613 1669 655 iubebant
1699 629 1783 668 qua

242 683 415 725 libertas
435 684 625 726 Achaiae
645 684 1018 739 pronuntiabatur,
1040 679 1120 724 nec
1139 682 1263 724 aliter
1282 683 1358 724 illa
1376 683 1591 724 consulari
1611 692 1781 725 senten-

242 753 302 794 tia
322 768 451 808 quam
470 755 810 796 modulatissimo
830 754 974 808 aliquo
995 753 1198 794 tibiarum
1227 759 1302 794 aut
1329 753 1482 795 fidium
1511 761 1641 797 cantu
1669 755 1780 795 frue—

240 823 412 865 bantur.

323 983 534 1025 XXIIII.
567 984 813 1026 BELLVM
836 983 1151 1026 SYRIACVM
1172 982 1356 1024 REGIS
1378 982 1698 1024 ANTIOCHI.

170 1113 213 1145 10
241 1105 539 1146 Macedoniam
558 1105 664 1146 Asia
682 1106 828 1147 statim
849 1113 891 1147 et
910 1121 1054 1160 regem
1074 1105 1327 1159 Philippum
1346 1103 1590 1146 Antiochus
1611 1105 1779 1160 excepit
1796 1115 1847 1151 11,
1868 1103 1893 1143 8

237 1176 424 1228 quodam
441 1189 558 1225 casn,
581 1176 705 1230 quasi
713 1177 765 1217 de
773 1175 986 1217 industria
994 1175 1055 1217 sic
1072 1175 1393 1230 adgubernante
1409 1174 1583 1216 fortuna
1590 1182 1641 1216 ut
1651 1190 1779 1229 quem

240 1246 294 1286 ad
313 1247 489 1287 modum
509 1246 562 1286 ab
581 1246 728 1287 Africa
746 1245 794 1286 in
813 1245 1048 1295 Achaiam,
1082 1246 1142 1287 sic
1171 1246 1224 1287 ab
1244 1243 1411 1286 Achaia
1429 1244 1477 1285 in
1495 1244 1646 1286 Asiam
1666 1246 1779 1286 ultro

185 1366 199 1371 ..
239 1331 284 1358 se
305 1315 632 1371 suggerentibus
653 1316 794 1357 causis
813 1316 1043 1370 imperium
1069 1316 1339 1370 procederet,
1370 1321 1414 1356 et
1441 1329 1542 1355 cum
1570 1322 1779 1356 terrarum

238 1386 351 1428 orbis
373 1386 460 1427 situ
479 1386 571 1440 ipse
592 1387 695 1427 ordo
715 1386 994 1427 uictoriarmn
1014 1385 1254 1440 nauigaret.
1287 1400 1376 1426 non
1393 1385 1515 1434 ,aliud
1534 1385 1777 1426 formidolo—

171 1465 212 1496 15
239 1455 327 1498 sius
347 1456 463 1496 fama
480 1456 644 1497 bellum
662 1455 747 1496 fuit
758 1471 770 1504 ;
802 1455 961 1510 quippe
980 1471 1080 1497 cum
1101 1457 1253 1497 Persas
1273 1463 1317 1496 et
1337 1455 1567 1505 orientem,
1601 1456 1778 1496 Xerxen

240 1526 379 1579 adque
398 1525 582 1566 Darium
602 1525 855 1580 cogitarent,
879 1527 1050 1580 quando
1069 1525 1249 1580 perfossi
1269 1525 1380 1566 inuii
1398 1532 1583 1574 montes,
1607 1526 1777 1578 quando

239 1588 348 1636 tielis
369 1603 564 1651 opertum
582 1609 699 1636 mare
718 1595 1006 1637 nuntiaretur.
1040 1598 1095 1637 ad
1122 1596 1203 1637 hoc
1223 1596 1427 1637 caelestes
1446 1594 1590 1636 minae
1610 1593 1775 1635 territa-

237 1666 365 1715 bant,
397 1679 498 1706 cum
528 1679 675 1706 umore
703 1665 910 1707 continuo
940 1667 1161 1708 Cumanus
1188 1665 1345 1720 Apollo
1366 1666 1553 1706 sudaret.
1602 1666 1677 1706 sed
1706 1664 1777 1705 hic

236 1734 424 1776 fauentis
443 1735 572 1776 Asiae
592 1749 694 1777 suae
721 1734 914 1776 numinis
943 1735 1072 1777 timor
1100 1743 1205 1777 erat.
1245 1750 1326 1777 nec
1353 1749 1457 1776 sane
1486 1733 1592 1775 uiris
1624 1734 1776 1788 opibus

167 1813 210 1844 20
238 1804 452 1859 armisque
472 1804 702 1859 quicquam
722 1805 935 1859 copiosius
965 1806 1088 1861 Syria
1100 1823 1113 1856 3
1158 1807 1232 1848 sed
1260 1806 1307 1846 in
1335 1819 1489 1847 manus
1518 1811 1608 1846 tam
1627 1804 1778 1859 ignaui

236 1874 348 1929 regis
369 1874 578 1916 inciderat
597 1881 647 1915 ut
665 1874 778 1917 nihil
798 1876 928 1917 fuerit
947 1876 994 1918 in
1013 1877 1230 1918 Antiocho
1254 1875 1485 1931 speciosius
1511 1889 1641 1930 quam
1664 1876 1777 1928 quod

238 1959 263 1984 a
282 1944 491 1985 Romanis
512 1944 654 1986 uictus
677 1952 756 1986 est.
790 1945 984 2000 inpulere
1012 1961 1157 2001 regem
1176 1946 1224 1987 in
1242 1946 1289 1987 id
1307 1946 1471 1988 bellum
1491 1945 1612 1987 illinc
1633 1945 1777 1986 Thoas

236 2013 431 2055 Aetoliae
451 2015 666 2070 princeps,
689 2015 992 2058 inhonoratam
1008 2018 1123 2072 apud
1138 2018 1358 2058 Romanos
1374 2030 1555 2070 querens
1572 2017 1777 2056 aduersus

237 2084 495 2126 Macedonas
515 2084 697 2126 militiae
718 2100 819 2127 suae
842 2087 1104 2137 societatem,
1128 2087 1230 2128 hinc
1245 2086 1454 2136 Annibal,
1476 2086 1551 2141 qui
1570 2086 1617 2127 in
1632 2085 1779 2127 Africa

167 2161 210 2193 25
237 2153 395 2204 uictus,
418 2154 624 2208 profugus
645 2162 688 2196 et
707 2155 823 2209 pacis
844 2156 1060 2211 inpatiens
1082 2158 1250 2203 hostem
1278 2157 1437 2211 populo
1469 2158 1666 2197 Romano
1687 2161 1776 2196 toto

237 2224 336 2264 orbe
367 2224 611 2278 quaerebat.
646 2230 689 2264 et
719 2227 834 2279 quod
853 2226 963 2267 illud
982 2227 1134 2268 fuisset
1163 2226 1419 2281 periculum,
1453 2226 1489 2266 si
1511 2240 1555 2266 se
1585 2224 1776 2265 consiliis

237 2292 328 2333 eius
348 2308 424 2334 rex
445 2293 713 2342 tradidisset,
747 2294 792 2335 id
821 2302 886 2335 est
916 2295 952 2336 si
980 2296 1109 2336 Asiae
1140 2292 1306 2336 uiribus
1336 2309 1440 2336 usus
1470 2295 1621 2335 fuisset
1649 2294 1777 2335 miser

236 2362 454 2403 Annibal?
485 2364 558 2404 sed
579 2378 653 2404 rex
674 2363 761 2404 suis
784 2364 935 2418 opibus
957 2372 999 2405 et
1018 2365 1193 2406 nomine
1214 2365 1330 2420 regio
1345 2365 1479 2405 fretus
1500 2365 1604 2406 satis
1626 2364 1778 2406 habuit

0 2448 5 2467 ι
234 2431 398 2473 bellum
418 2447 604 2474 mouere.
626 2434 799 2488 Europa
819 2434 906 2475 iam
926 2434 1056 2476 dubio
1076 2436 1225 2490 procul
1246 2435 1338 2477 iure
1357 2435 1461 2477 belli
1483 2436 1537 2476 ad
1557 2436 1776 2476 Romanos

237 2591 257 2623 3
283 2592 473 2623 canai-etur
494 2597 520 2623 B
537 2589 548 2634 ΙΙ
566 2592 587 2623 4
611 2589 759 2635 plaussu
786 2590 844 2635 Νη
861 2590 1077 2636 profuerunt
1100 2598 1125 2626 Β
1143 2591 1153 2636 ΙΙ
1172 2594 1191 2625 5
1219 2596 1381 2638 repetcre
1404 2592 1503 2627 illam
1528 2603 1653 2627 uocem
1679 2592 1737 2637 Νη
1757 2595 1774 2626 7

236 2644 347 2680 fidum
365 2650 511 2680 cantum
527 2654 560 2679 N
574 2646 585 2692 ΙΙ
603 2648 624 2680 9
641 2654 828 2681 ΑΝΤῙΟΟΚΙ
844 2646 902 2692 Νη
921 2647 1010 2681 Asia
1024 2647 1096 2681 add
1118 2648 1311 2682 Halmius.-
1336 2660 1393 2682 om
1416 2656 1475 2683 BN
1488 2648 1500 2694 l}
1521 2651 1563 2684 10
1586 2649 1778 2684 anthiocus

234 2707 259 2734 Β
276 2699 288 2745 fl
309 2703 345 2734 11
367 2701 411 2735 de
427 2713 483 2736 om
499 2710 531 2736 N
547 2702 558 2748 Η
575 2707 639 2737 aut
654 2710 688 2737 N
702 2702 713 2748 ΙΙ
735 2705 774 2737 12
792 2703 830 2738 in
847 2714 1018 2750 europam
1043 2703 1095 2738 sic
1120 2704 1166 2739 ab
1184 2715 1320 2751 europa
1343 2706 1403 2751 ΝΗ
1424 2708 1464 2740 14
1488 2705 1580 2740 situs
1596 2713 1621 2738 Β
1650 2705 1660 2749 11
1688 2703 1778 2738 aliut

235 2763 269 2790 N
292 2756 303 2801 Η
335 2759 373 2791 15
391 2769 520 2792 xersen
535 2767 562 2793 Β
579 2758 589 2803 ΙΙ
611 2760 650 2792 17
670 2764 712 2793 ut
728 2759 796 2794 hoc
812 2767 843 2794 N
859 2759 870 2806 ΙΙ
888 2760 1065 2795 terribant
1078 2768 1105 2796 Β
1121 2760 1133 2806 fl
1154 2762 1195 2795 18
1220 2772 1430 2796 cummanus
1446 2769 1471 2795 Β
1490 2762 1500 2807 ΙΙ
1519 2760 1686 2795 suaderet
1701 2766 1734 2792 Ν
1749 2761 1760 2803 Η

239 2814 280 2846 19
296 2812 372 2847 sine
388 2822 422 2848 N
444 2814 455 2860 ss
482 2817 526 2849 20
552 2815 659 2850 armis
685 2815 723 2850 id
740 2827 847 2861 quam
862 2824 896 2851 N
910 2816 922 2862 ΙΙ
938 2817 1105 2852 manibus
1129 2817 1188 2863 ΝῘΙ
1207 2819 1246 2852 21
1275 2821 1364 2863 quot
1386 2825 1411 2851 Β
1428 2817 1439 2861 ΙΙ
1457 2819 1501 2851 22
1527 2815 1662 2850 bellum
1678 2815 1776 2849 mino

235 2867 338 2903 theas
353 2876 379 2903 Β
395 2870 407 2915 Η
425 2873 468 2906 26
487 2871 662 2917 querebat
685 2880 711 2907 Β
728 2872 740 2917 n
759 2874 800 2907 27
829 2872 958 2908 fuisset
981 2873 1174 2919 imperator
1201 2873 1359 2908 Annibal
1383 2871 1567 2917 Hauptius
1587 2872 1597 2915 {l
1616 2873 1659 2904 28
1677 2871 1778 2906 abuit

235 2932 259 2957 Β
285 2923 296 2967 ΙΙ
321 2926 363 2959 29
381 2927 563 2971 europiam
580 2935 614 2962 N
627 2929 638 2974 n
656 2928 743 2963 belli
759 2940 814 2963 om
831 2937 863 2963 N
878 2929 889 2974 ΙΙ

0 2922 15 3320 W—v-——w-v--vr
0 2895 2 2902 -
