2002 3320
399 819 436 858 I.
470 819 510 858 A
530 818 785 859 ROMVLO
807 816 1098 858 TEMPORA
1119 815 1335 856 REGVM
1358 813 1611 856 SEPTEM.

240 987 435 1042 Populus
464 987 687 1028 Romanus
708 1000 734 1027 a
761 1000 860 1040 rege
880 984 1068 1026 Romulo
1094 983 1141 1024 in
1162 984 1386 1024 Caesarem
1415 983 1665 1037 Augustum
1685 997 1777 1037 sep-

240 1057 456 1112 tingentos
482 1071 558 1111 per
587 1069 722 1097 annos
751 1061 922 1096 tantum
951 1068 1127 1108 operum
1154 1068 1258 1108 pace
1284 1053 1482 1107 belloque
1516 1048 1674 1107 gessit,
1711 1059 1778 1101 ut,

239 1126 275 1167 si
295 1127 391 1181 quis
410 1126 756 1182 magnitudinem
770 1123 938 1180 imperii
953 1138 1053 1165 cum
1078 1123 1202 1164 annis
1228 1123 1417 1164 conferat
1429 1154 1440 1171 ,
1464 1130 1648 1164 aetatem
1667 1123 1781 1163 ultra

202 1205 223 1237 5
238 1204 376 1252 putet.
409 1197 471 1238 ita
497 1197 585 1237 late
598 1186 680 1255 'per
700 1196 844 1237 orbem
864 1201 1071 1235 terrarum
1091 1208 1208 1234 arma
1228 1193 1515 1243 circumtulit,
1549 1200 1599 1234 ut
1619 1193 1694 1247 qui
1714 1207 1780 1233 res

174 1554 215 1586 10

175 1905 216 1937 15

175 2256 220 2288 20

239 1266 357 1308 illius
386 1267 541 1322 legunt
578 1281 666 1307 non
693 1265 824 1306 unius
844 1264 1017 1320 populi,
1051 1265 1126 1306 sed
1144 1263 1311 1319 generis
1332 1263 1514 1305 humani
1541 1263 1655 1304 faeta
1682 1277 1781 1303 con·

241 1336 423 1378 discant.
457 1343 522 1378 tot
542 1336 588 1377 in
607 1335 825 1377 laboribus
844 1334 1131 1390 periculisque
1151 1334 1335 1375 iactatus
1356 1341 1444 1383 est,
1478 1340 1528 1375 ut
1549 1334 1603 1375 ad
1624 1332 1780 1374 consti-

241 1408 453 1448 tuendum
468 1406 559 1447 eius
575 1406 802 1461 imperium
818 1405 1087 1446 contendisse
1102 1404 1253 1446 Virtus
1269 1411 1312 1445 et
1327 1404 1518 1445 Fortuna
1532 1404 1777 1445 uideantur.

242 1490 328 1530 qua
346 1491 391 1517 re
411 1491 511 1517 cum
531 1476 567 1517 si
588 1476 693 1530 quid
713 1475 832 1516 aliud
852 1476 932 1516 hoc
954 1489 1124 1530 quoque
1152 1488 1303 1528 operae
1329 1474 1517 1528 pretium
1544 1474 1600 1515 sit
1627 1488 1782 1528 cogno-

243 1561 372 1596 scere,
395 1554 540 1587 tamen
561 1546 663 1601 quia
682 1546 776 1601 ipsa
796 1546 878 1587 sibi
898 1546 1040 1587 obstat
1066 1543 1321 1599 magnitudo
1349 1558 1576 1599 rerumque
1604 1543 1782 1584 diuersi-

242 1623 307 1657 tas
328 1616 463 1658 aciem
478 1616 730 1658 intentionis
747 1615 978 1671 abrumpit,
1001 1615 1155 1656 faciam
1170 1614 1286 1668 quod
1302 1613 1455 1663 solent,
1478 1614 1556 1668 qui
1574 1621 1783 1655 terrarum

242 1686 350 1728 situs
369 1686 558 1741 pingunt
579 1702 589 1727 :
622 1686 666 1727 in
695 1686 818 1727 breui
838 1685 961 1741 quasi
990 1684 1148 1726 tabella
1176 1690 1310 1725 totam
1331 1683 1423 1725 eius
1443 1683 1676 1738 imaginem
1697 1698 1783 1724 am-

241 1756 426 1811 plectar,
449 1772 537 1798 non
556 1756 692 1807 nihil,
725 1764 775 1798 ut
795 1771 940 1812 spero,
973 1756 1028 1796 ad
1049 1753 1375 1796 admirationem
1399 1753 1606 1809 principis
1633 1753 1784 1810 populi

242 1827 513 1877 conlaturus,
546 1827 583 1868 si
612 1826 770 1882 pariter
799 1827 938 1881 adque
964 1824 1145 1867 insemel
1165 1824 1413 1865 uniuersam
1439 1824 1784 1879 magnitudinem

244 1896 337 1938 eius
358 1898 597 1938 ostendero.

359 1967 407 2008 Si
427 1967 523 2022 quis
544 1981 644 2022 ergo
662 1967 875 2022 populum
894 1967 1142 2008 Romanum
1157 1967 1281 2022 quasi
1297 1981 1436 2008 unum
1450 1966 1670 2008 hominem
1685 1981 1784 2008 con-

245 2037 400 2079 sideret
428 2044 648 2092 totamque
678 2037 771 2079 eius
802 2043 986 2078 aetatem
1014 2044 1286 2092 percenseat,
1323 2045 1374 2079 ut
1404 2037 1590 2092 coeperit
1602 2068 1614 2087 ,
1651 2043 1785 2092 utque

245 2108 495 2158 adoleuerit,
517 2116 568 2149 ut
588 2108 712 2163 quasi
731 2109 787 2149 ad
806 2092 1023 2162 quandam
1042 2107 1246 2149 iuuentae
1266 2108 1434 2163 frugem
1453 2107 1712 2163 peruenerit,
1736 2113 1785 2146 ut

244 2185 393 2233 postea
406 2178 530 2219 uelut
550 2177 836 2228 consenuerit,
859 2184 1062 2232 quattuor
1080 2178 1284 2234 gradibus
1303 2193 1376 2218 u.
1400 2178 1539 2232 prima
1566 2184 1682 2218 aetas
1705 2177 1785 2218 sub

245 2247 417 2302 regibus
437 2248 521 2289 fuit
539 2263 670 2303 prope
700 2263 776 2303 per
807 2262 943 2288 annos
971 2261 1069 2298 CCL,
1101 2248 1259 2303 qifibus
1289 2247 1450 2288 circum
1479 2248 1628 2288 urbem
1648 2247 1786 2301 ipsam

248 2331 347 2358 cum
374 2318 569 2359 finitimis
597 2318 788 2359 luctatus
819 2324 897 2358 est.
940 2317 1047 2357 haec
1078 2316 1158 2358 erit
1187 2317 1280 2358 eius
1308 2317 1507 2358 infantia.
1553 2331 1734 2371 sequens
1762 2332 1787 2358 a

247 2389 382 2428 Bruto
412 2387 710 2442 Collatinoque
738 2387 987 2429 consulibus
1016 2387 1063 2427 in
1091 2387 1283 2443 Appium
1307 2387 1542 2429 Claudium
1571 2387 1787 2432 Quintum

249 2456 455 2497 Fuluium
475 2457 671 2499 consules
691 2471 765 2500 CCL
786 2458 910 2499 annis
939 2464 1083 2513 patet,
1116 2457 1272 2512 quibus
1295 2457 1467 2499 Italiam
1487 2457 1672 2512 subegit.
1706 2457 1786 2498 hoc

254 2627 268 2659 1
289 2637 345 2660 om
360 2634 394 2660 N
408 2627 420 2673 ΙΙ
437 2629 457 2661 5
476 2627 573 2662 illius
589 2635 629 2662 B:
648 2627 724 2662 eius
740 2635 774 2662 N
787 2627 799 2673 11
818 2630 839 2662 6
855 2627 950 2663 facta
966 2627 1106 2663 discant
1122 2611 1220 2674 quo‘d
1250 2627 1288 2662 in
1310 2635 1344 2662 N
1376 2628 1387 2672 ΙΙ
1428 2628 1448 2661 8
1486 2626 1696 2662 uiderentur
1712 2633 1745 2659 N
1759 2626 1771 2669 H

250 2685 270 2716 9
288 2682 319 2716 si
335 2682 547 2729 praecipuae
564 2683 632 2719 hoc
649 2696 792 2731 quoque
808 2693 841 2719 N
862 2684 874 2730 [Ι
911 2686 951 2718 12
976 2684 1195 2730 inmaginem
1211 2692 1237 2718 B
1261 2684 1273 2730 ΙΙ
1305 2685 1342 2717 14
1379 2688 1490 2730 utque
1516 2683 1554 2718 in
1577 2687 1690 2717 semet
1712 2690 1744 2715 N
1759 2682 1770 2725 [Ι

255 2741 296 2773 16
314 2750 426 2774 unum
443 2752 498 2774 om
514 2748 548 2774 N
569 2742 580 2787 ΙΙ
610 2743 650 2775 lS
676 2741 854 2787 quendam
871 2741 1041 2776 iuuentae
1057 2739 1180 2776 florem
1203 2748 1237 2775 N
1264 2741 1276 2787 ΙΙ
1307 2743 1346 2774 19
1372 2746 1542 2786 quattuor
1558 2738 1690 2785 gradus
1708 2749 1787 2783 pro·

251 2805 441 2841 censusque
458 2795 535 2832 eius
551 2797 714 2833 inueniet
728 2806 763 2850 N
790 2799 802 2844 ΙΙ
835 2798 950 2845 prima
964 2805 1017 2832 N.-
1049 2808 1170 2832 romae
1185 2805 1211 2832 B
1228 2797 1239 2843 ΙΙ
1265 2808 1285 2832 0
1302 2802 1471 2843 quattuor
1487 2795 1658 2841 gradibus
1674 2794 1787 2840 prima

251 2850 486 2896 thwerdet‘us
512 2853 524 2899 ΙΙ
542 2856 585 2889 20
603 2863 672 2889 CCL
690 2853 757 2889 edd
775 2857 871 2889 uett:
889 2853 1172 2901 quadringentos
1188 2862 1224 2896 B,
1245 2862 1336 2888 cccc
1352 2861 1384 2887 N
1400 2853 1411 2897 ss
1429 2853 1561 2886 circum
1578 2851 1691 2896 ipsam
1708 2861 1789 2884 cum

252 2906 366 2952 ipsam
382 2919 463 2942 cum
480 2909 640 2945 finitimis
664 2918 697 2945 N
720 2910 731 2955 ΙΙ
764 2913 803 2945 21
835 2911 964 2946 obruto
989 2920 1014 2946 B
1039 2911 1053 2956 ῃ
1079 2913 1121 2945 23
1139 2920 1210 2946 cer,
1229 2924 1273 2951 3.-
1301 2915 1444 2944 centum
1471 2906 1733 2953 quinquaginta
1750 2914 1795 2947 B,

182 2964 185 2970 ’
254 2972 299 2997 cr,
316 2971 357 2997 N.
378 2964 388 3008 ξι
