2002 3320
277 239 330 279 68
922 250 1016 278 IVLI
1037 250 1165 279 FLORI

276 349 468 390 conscius
499 348 580 389 sibi
608 348 754 401 magni
781 347 934 389 laboris
963 348 1140 389 Isaurici
1171 362 1405 403 cognomen
1435 347 1664 389 adamauit.
1710 360 1799 388 non

276 418 371 459 ideo
394 425 536 458 tamen
556 423 619 457 tot
639 416 828 457 cladibus
849 417 999 457 domiti
1019 425 1129 458 terra
1148 432 1192 459 se
1211 417 1425 458 continere
1444 424 1698 471 potuerunt3
1725 417 1799 457 sed

279 494 325 527 ut
346 487 553 540 quaedam
573 479 789 534 animalia,
813 485 965 538 quibus
982 500 1135 539 aquam
1150 494 1384 540 terramque
1399 486 1612 527 incolendi
1627 485 1799 540 gemina

277 564 429 597 natura
449 562 512 596 est
524 587 536 604 ,
560 555 638 595 sub
657 553 749 607 ipso
770 554 902 595 hostis
921 569 1087 596 recessu
1106 555 1365 608 inpatientes
1386 556 1464 597 soli
1483 556 1530 596 in
1551 570 1680 609 aquas
1701 569 1798 596 suas

277 625 552 674 resiluerunt,
577 630 619 664 et
639 623 856 676 aliquanto
875 623 1003 664 latius
1024 638 1151 677 quam
1169 624 1284 678 prius
1307 625 1475 666 Siciliae
1496 624 1660 679 qiioque
1680 625 1805 665 litora
1831 631 1850 663 5

278 703 321 736 et
350 693 631 748 Campaniam
658 699 846 733 nostram
876 693 1015 734 subito
1051 694 1239 734 aduentu
1273 700 1424 735 terrere
1458 695 1698 735 uoluerunt.
1740 693 1799 734 sic

279 765 394 806 Cilix
415 765 568 818 dignus
589 762 766 804 uictoria
787 762 965 815 Pompei
992 762 1110 803 uisus
1139 769 1203 803 est
1230 769 1274 803 et
1293 762 1608 803 Mithridaticae
1627 762 1797 817 prouin-

279 835 369 875 ciae
388 835 524 874 factus
546 832 742 873 accessio.
775 832 848 872 ille
869 831 1100 885 dispersam
1120 838 1208 872 toto
1227 832 1335 872 mari
1362 839 1524 886 pestem
1544 833 1673 873 semel
1693 839 1735 873 et
1754 832 1800 872 in

278 910 527 958 pe1petuum
549 903 698 943 uolens
719 901 966 956 extinguere
987 901 1134 942 diuino
1155 902 1338 955 quodam
1359 908 1564 956 apparatu
1583 903 1802 956 adgressus

280 980 357 1014 est.
392 972 547 1026 quippe
568 986 666 1012 cum
685 971 887 1012 classibus
909 977 951 1011 et
971 970 1057 1011 suis
1077 977 1119 1011 et
1139 970 1363 1012 socialibus
1383 971 1650 1012 Rhodiorum
1669 971 1801 1011 abun·
1831 978 1873 1010 10

282 1044 400 1083 daret
412 1074 424 1091 ,
457 1041 648 1096 pluribus
676 1040 828 1095 legatis
849 1047 972 1094 atque
992 1039 1213 1093 praefectis
1233 1047 1411 1094 utraque
1433 1041 1563 1082 Ponti
1582 1047 1624 1081 et
1643 1039 1805 1082 Oceani

282 1127 355 1153 ora
375 1112 606 1165 conplexus
623 1117 699 1151 est.
734 1109 900 1151 Gellius
918 1111 1055 1150 Tusco
1070 1109 1177 1149 mari
1196 1109 1421 1163 inpositus,
1446 1110 1612 1150 Plotius
1634 1109 1799 1158 Sicu103

283 1181 492 1223 Gratillus
513 1179 781 1234 Ligusticum
803 1179 968 1228 sinum,
998 1178 1227 1231 Pompeius
1249 1178 1466 1219 Gallicum
1485 1178 1673 1228 obsedit,
1702 1179 1803 1219 Tor-

283 1257 435 1305 quatus
456 1249 747 1298 Balearicum,
780 1248 973 1289 Tiberius
994 1247 1108 1288 Nero
1130 1247 1394 1288 Gaditanum
1415 1248 1568 1288 fretum
1581 1279 1594 1297 ,
1618 1262 1701 1301 qua
1719 1242 1803 1300 pri-

282 1334 401 1360 mum
420 1318 548 1359 maris
567 1318 701 1359 nostri
720 1318 853 1358 limen
874 1317 1083 1371 aperitur,
1107 1317 1315 1357 Lentulus
1336 1316 1568 1370 Libycum,
1591 1316 1802 1357 Marcelli·
1833 1323 1893 1356 15μ

283 1405 364 1430 nus
384 1387 661 1442 Aegyptium,
685 1386 864 1440 Pompei
884 1386 1061 1426 iuuenes
1083 1385 1404 1434 Hadriaticum3
1429 1387 1562 1427 Varro
1583 1385 1806 1426 Terentius

284 1461 523 1513 Aegaeum3
564 1463 606 1497 et
640 1455 869 1497 Ponticum
896 1461 938 1495 et
965 1455 1269 1509 Pamphylium
1304 1446 1531 1504 Metellus,
1567 1454 1805 1496 Asiaticum

285 1528 470 1582 Caepio3
527 1525 639 1580 ipsas
688 1524 971 1579 Propontidos
1019 1524 1161 1565 fauces
1213 1524 1389 1566 Porcius
1438 1525 1546 1565 Cato
1586 1523 1646 1565 sic
1685 1523 1803 1564 obdi-

285 1598 339 1639 tis
373 1596 556 1638 nauibus
592 1595 712 1649 quasi
753 1601 919 1649 portam
954 1594 1178 1636 obserauit.
1240 1593 1299 1635 sic
1328 1608 1403 1647 per
1441 1593 1578 1634 omnis
1618 1591 1808 1646 aequoris

286 1674 431 1721 portus
469 1666 586 1707 sinus
619 1665 801 1706 latebras
829 1680 1014 1706 recessus
1041 1663 1335 1718 promunturia
1361 1663 1468 1703 freta
1487 1676 1620 1715 paene
1649 1662 1810 1703 insulas
1835 1669 1880 1702 20

286 1736 491 1791 quidquid
518 1731 752 1788 piratarum
789 1734 871 1774 fuit
901 1735 1084 1788 quadam
1110 1733 1313 1788 indagine
1346 1731 1560 1773 inclusum
1603 1738 1679 1773 est.
1719 1731 1810 1785 ipse

287 1805 516 1859 Pompeius
551 1803 598 1843 in
634 1803 841 1857 originem
874 1804 1118 1857 fontemque
1151 1803 1255 1844 belli
1290 1802 1485 1844 Ciliciam
1498 1834 1511 1852 ,
1555 1815 1634 1842 nec
1667 1801 1810 1842 hostes

287 1877 573 1915 detractauere
594 1880 820 1913 certamen.
858 1887 946 1913 non
966 1888 1020 1913 ex
1038 1872 1218 1922 fiducia,
1250 1873 1324 1913 sed
1344 1872 1443 1925 quia
1463 1870 1650 1925 oppressi
1671 1875 1806 1921 erant,

287 1943 380 1984 ausi
402 1943 675 1991 uidebantur3
711 1944 785 1983 sed
804 1941 915 1982 nihil
935 1949 1078 1982 tamen
1100 1942 1281 1996 amplius
1293 1972 1306 1990 ,
1338 1956 1466 1995 quam
1485 1949 1534 1982 ut
1553 1941 1607 1981 ad
1625 1939 1811 1993 primum

287 2013 422 2053 ictum
437 2017 744 2052 concurrerent.
769 2025 869 2052 mox
883 2011 958 2051 ubi
973 2011 1226 2051 circumfusa
1240 2010 1428 2063 undique
1444 2016 1577 2050 rostra
1592 2009 1808 2058 uiderunt,
1839 2016 1882 2048 25

290 2081 462 2123 abiectis
483 2080 627 2121 statim
648 2079 743 2120 telis
762 2079 972 2133 remisque
992 2080 1146 2132 plausu
1166 2079 1352 2132 undique
1372 2078 1488 2131 pari,
1519 2079 1632 2131 quod
1652 2077 1811 2131 suppli-

290 2150 481 2191 cantium
502 2149 672 2202 signum
690 2148 773 2189 suit
782 2180 795 2198 ,
827 2148 963 2188 uitam
981 2148 1238 2201 petiuerunt.
1272 2162 1360 2187 non
1380 2146 1464 2187 alia
1483 2153 1571 2186 tam
1590 2146 1814 2186 incruenta

290 2219 468 2260 uictoria
483 2218 550 2259 usi
564 2232 767 2271 umquam
786 2232 931 2258 sumus
941 2233 953 2266 ;
978 2218 1051 2258 sed
1071 2231 1149 2256 nec
1168 2215 1350 2257 fideliori
1364 2215 1411 2255 in
1430 2223 1660 2269 posterum.
1684 2215 1812 2268 idque

292 2294 560 2343 prospectum
595 2286 799 2340 singulari
834 2285 1010 2327 consilio
1045 2285 1187 2334 ducis,
1230 2284 1303 2338 qui
1340 2284 1602 2325 maritimum
1636 2298 1771 2338 genus
1792 2298 1817 2324 a

295 2363 524 2411 conspectu
542 2356 668 2410 longe
689 2356 871 2397 remouit
889 2355 1017 2397 maris
1039 2362 1081 2396 et
1099 2353 1417 2395 mediterraneis
1439 2353 1548 2408 agris
1569 2353 1690 2407 quasi
1711 2352 1815 2394 obli·
1844 2359 1887 2392 30

294 2527 314 2559 5
332 2525 508 2558 siluerunt
522 2532 547 2558 Β
565 2523 575 2568 Η
594 2523 692 2567 prius
710 2523 759 2557 sic
776 2523 856 2557 illos
874 2534 1017 2569 quoque
1034 2526 1117 2557 ante
1132 2533 1216 2556 mox
1233 2522 1383 2556 subruto
1397 2520 1506 2566 epirei
1522 2523 1628 2566 portu
1643 2527 1677 2553 N
1689 2522 1724 2553 et
1737 2519 1816 2553 sub-

292 2580 410 2624 iunyit
430 2591 538 2623 supra
556 2591 585 2623 p
603 2581 656 2619 64,
678 2581 719 2612 25
746 2579 873 2613 omissa
891 2579 902 2624 Η
921 2582 940 2613 6
966 2583 1118 2613 ten-aere
1140 2586 1165 2612 Β
1183 2578 1193 2622 ΙΙ
1220 2577 1339 2611 uoluit
1359 2585 1393 2611 N
1407 2577 1417 2622 ΙΙ
1436 2577 1486 2611 sic
1514 2576 1601 2610 felix
1626 2578 1662 2609 et
1686 2575 1818 2619 dignus

295 2635 446 2670 uictoria
469 2635 655 2679 pompeius
672 2643 705 2668 N
719 2635 730 2679 Η
758 2637 776 2668 8
795 2635 906 2668 factas
922 2643 955 2668 N
979 2634 990 2680 ΙΙ
1013 2638 1090 2668 tota
1110 2641 1136 2666 B
1162 2633 1172 2678 ΙΙ
1199 2633 1461 2678 imperpetuum
1484 2640 1514 2667 N
1540 2632 1551 2677 ΙΙ
1578 2633 1619 2664 10
1645 2630 1818 2664 classibus

296 2691 369 2726 suis
384 2698 417 2724 N
432 2690 443 2735 ΙΙ
460 2689 684 2723 habundaret
698 2697 723 2723 Β
741 2689 752 2734 ΙΙ
773 2691 812 2722 12
830 2689 968 2734 plocius
984 2698 1014 2723 Ν
1032 2690 1043 2735 ΙΙ
1063 2692 1103 2724 13
1120 2689 1299 2734 gratillius
1315 2697 1356 2730 N,
1376 2689 1418 2722 P.
1431 2687 1565 2722 Atilius
1587 2685 1785 2719 Gronouius
1803 2684 1814 2731 ΙΙ

296 2745 516 2790 Pomponius
533 2744 703 2778 Dukerus
721 2743 732 2788 ΙῘ
749 2744 970 2788 lugusticum
985 2753 1011 2780 B
1028 2745 1039 2790 ΙΙ
1061 2747 1099 2778 15
1118 2745 1265 2779 libicum
1281 2753 1306 2779 Β
1323 2745 1334 2790 [Ι
1356 2746 1395 2778 18
1413 2743 1551 2788 portius
1566 2749 1592 2775 B
1609 2741 1620 2786 H
1642 2743 1682 2774 19
1700 2741 1820 2774 obser-

297 2802 399 2836 uabit
422 2809 455 2835 N
476 2801 486 2846 Η
513 2802 555 2835 20
579 2798 785 2844 peninsulas
816 2806 841 2832 Β
858 2798 869 2843 ΙΙ
896 2801 935 2832 21
957 2799 1156 2843 piraturum
1179 2809 1204 2834 Β
1222 2801 1233 2846 11
1251 2799 1428 2834 inclusum
1453 2801 1489 2831 et
1510 2804 1553 2838 Β,
1582 2795 1760 2830 inclusum
1785 2800 1822 2829 et

297 2868 506 2902 oppressum
523 2860 577 2891 est
591 2863 624 2890 N
638 2855 649 2900 ΙΙ
668 2858 708 2889 25
726 2854 891 2888 uiderent
913 2862 938 2887 Β
956 2854 966 2898 Η
985 2856 1027 2888 26
1053 2855 1200 2890 adiectis
1224 2863 1249 2890 Β
1267 2855 1278 2900 u
1296 2854 1378 2888 talis
1400 2862 1426 2887 Β
1442 2853 1454 2898 ΙΙ
1473 2854 1514 2886 28
1541 2863 1737 2896 numquam
1759 2859 1793 2886 N
1807 2851 1818 2897 ΙΙ

299 2912 450 2946 fideliori
467 2910 743 2945 Mommsenius:
766 2909 904 2943 fidelior
919 2917 976 2943 ΒΝ
991 2909 1001 2953 ΙΙ
1020 2914 1201 2954 posterum
1218 2914 1357 2954 reperta
1373 2919 1461 2953 gens
1477 2907 1552 2941 ulla
1569 2912 1623 2941 est
1638 2907 1675 2941 id
1691 2915 1723 2941 N
1737 2906 1749 2953 ΙΙ

1991 2249 2002 2393 Ξ
