2002 3320
562 207 760 237 nm‘rouA
781 205 834 243 11,
859 199 1000 233 19—21
1029 191 1138 247 [1111,
1161 191 1320 247 9-11].
1626 193 1706 232 113

174 325 263 352 non
281 309 422 352 minor
438 322 493 350 ex
512 307 582 349 uia
601 314 750 362 postea
775 320 905 361 quam
933 305 986 346 ab
1015 304 1210 347 hostibus
1240 310 1415 359 accepta
1444 304 1599 346 clades.
1643 305 1708 344 in-

172 380 280 422 festa
306 379 490 435 primum
511 377 584 419 siti
608 377 748 433 regio,
781 383 873 419 tum
903 375 1160 431 quibusdam
1186 374 1428 416 salmacidis
1457 374 1616 416 fluuius
1643 374 1708 415 in·

172 450 338 500 festior,
370 447 603 490 nouissime
633 462 742 502 quae
768 447 856 488 iam
876 447 928 487 ab
955 445 1159 487 inualidis
1188 452 1232 486 et
1259 445 1384 487 auide
1403 445 1711 486 hauriebantur

172 534 309 563 noxae
328 519 459 560 etiam
479 519 624 560 dulces
644 518 775 559 fuere.
799 532 901 558 mox
919 523 963 558 et
984 517 1151 558 ardores
1170 530 1246 570 per
1259 515 1508 557 Armeniam
1529 523 1572 557 et
1587 516 1710 557 niues

122 600 142 632 5
171 605 246 646 per
264 589 580 645 Cappadociam
600 595 643 630 et
662 587 885 642 utriusque
903 586 1011 629 caeli
1031 586 1173 628 subita
1192 586 1376 628 mutatio
1403 601 1479 641 pro
1508 587 1710 641 pestilen-

173 660 233 702 tia
253 660 350 702 fuit.
395 661 455 702 sic
474 660 551 701 uix
571 659 696 701 tertia
715 665 835 713 parte
856 659 908 699 de
929 656 1115 699 sedecim
1133 656 1375 711 legionibus
1395 657 1582 711 reliqua,
1612 672 1711 698 cum

173 738 398 786 argentum
427 731 518 772 eius
552 729 712 786 passim
747 727 930 770 dolabris
965 714 1281 777 concideretur,
1319 735 1362 769 et
1391 727 1572 770 subinde
1599 728 1713 769 inter

170 816 311 843 moras
331 809 511 843 mortem
532 801 585 842 ab
614 799 848 855 gladiatore
879 813 956 840 suo
976 798 1212 853 flagitasset
1241 798 1435 853 egregius
1463 799 1709 853 imperator,

173 865 349 912 tandem
374 870 560 926 perfugit
579 870 624 911 in
648 868 841 925 Syriam,
872 868 948 910 ubi
974 868 1215 910 incredibili
1242 870 1427 923 quadam
1452 869 1610 911 mentis
1639 884 1711 910 ue-

103 950 146 982 10
175 941 318 984 cordia
338 942 514 984 ferocior
534 941 753 996 aliquanto
769 940 907 981 factus
923 946 988 980 est
999 971 1012 990 ,
1036 939 1158 993 quasi
1171 939 1361 990 uicisset,
1384 939 1485 994 quia
1500 947 1707 994 euaserat.

254 1101 388 1142 XXI.
422 1100 668 1146 BELLVM
690 1099 819 1141 CVM
840 1099 1118 1141 ANTONIO
1139 1099 1216 1140 ET
1237 1099 1612 1140 CLEOPATRA.

173 1225 309 1265 Furor
335 1223 518 1266 Antonii
547 1230 758 1278 quatenus
778 1237 853 1277 per
873 1222 1083 1264 ambitum
1102 1238 1191 1264 non
1210 1230 1376 1278 poterat
1396 1223 1586 1273 interire,
1610 1224 1717 1264 luxu
1734 1236 1825 1272 1111,
1843 1224 1855 1261 1
1874 1224 1884 1261 1

174 1301 218 1335 et
237 1294 416 1336 libidine
437 1294 653 1335 extinctus
674 1300 753 1334 est.
787 1293 945 1347 quippe
975 1308 1074 1334 cum
1100 1300 1198 1348 post
1220 1293 1402 1335 Parthos
1423 1308 1576 1335 exosus
1597 1308 1714 1335 arma

174 1364 221 1405 in
241 1364 329 1406 otio
349 1370 515 1418 ageret,
546 1370 695 1417 captus
716 1377 856 1404 amore
878 1363 1128 1418 Cleopatrae
1148 1364 1271 1418 quasi
1298 1364 1407 1404 bene
1435 1364 1568 1418 gestis
1587 1365 1714 1405 rebus

106 1443 148 1475 15
175 1434 223 1475 in
242 1434 359 1488 regio
380 1448 425 1475 se
445 1433 544 1475 sinu
570 1433 800 1474 reficiebat.
833 1433 935 1474 hinc
954 1434 1108 1475 mulier
1127 1433 1342 1488 Aegyptia
1368 1434 1421 1474 ab
1443 1433 1560 1474 ebrio
1580 1434 1713 1488 impe-

174 1511 312 1546 ratore
332 1503 518 1558 pretium
537 1502 767 1544 libidinum
787 1504 1034 1545 Romanum
1053 1503 1281 1558 imperium
1301 1503 1431 1557 petit3
1457 1510 1500 1544 et
1518 1504 1714 1558 promisit

123 1576 157 1616 I
179 1573 421 1624 Antonius,
453 1573 575 1628 quasi
605 1573 768 1614 facilior
795 1581 906 1615 esset
928 1574 1088 1615 Partho
1116 1575 1354 1615 Romanus.
1397 1573 1531 1628 igitur
1550 1572 1717 1629 ''coepit

175 1659 264 1686 non
285 1644 368 1685 sibi
387 1643 726 1685 dominationem
744 1658 915 1698 parare,
947 1659 1027 1685 nec
1056 1644 1186 1690 tacite
1196 1660 1209 1694 ;
1242 1645 1317 1686 sed
1345 1644 1508 1699 patriae
1529 1645 1716 1687 nominis

177 1723 303 1770 togae
337 1714 520 1756 fascium
557 1713 714 1756 oblitus
755 1721 871 1756 totus
909 1713 956 1754 in
982 1721 1223 1756 monstrum
1260 1714 1370 1756 illud
1399 1721 1448 1755 ut
1482 1722 1627 1756 mente
1655 1715 1716 1756 ita

105 1794 149 1826 20
177 1785 320 1827 animo
341 1799 507 1839 quoque
528 1785 731 1839 cultuque
760 1784 1010 1826 desciuerat.
1043 1799 1221 1826 aureum
1250 1784 1298 1824 in
1335 1799 1469 1825 manu
1497 1786 1713 1835 baculum,

174 1856 223 1896 in
241 1856 372 1897 latere
392 1854 608 1904 acinaces,
630 1869 844 1910 purpurea
862 1854 995 1896 uestis
1015 1854 1264 1910 ingentibus
1285 1855 1489 1896 obstricta
1507 1856 1711 1910 gemmis:

107 1926 370 1982 [deiadema
389 1925 548 1975 deerat,
571 1931 621 1966 ut
639 1925 790 1980 regina
807 1939 884 1966 rex
903 1932 947 1966 et
965 1924 1058 1979 ipse
1076 1922 1327 1966 frueretur.“
1362 1926 1417 1967 ad
1436 1925 1621 1980 primam
1640 1941 1715 1968 no·

173 2011 328 2037 uorum
347 2002 545 2037 motuum
563 1995 722 2036 famam
738 1996 894 2037 Caesar
908 2010 933 2036 a
949 1995 1179 2037 Brundisio
1196 1995 1431 2046 traiecerat,
1453 2003 1503 2037 ut
1523 1997 1717 2038 uenienti

173 2067 564 2116 bellooccurreret,
586 2066 820 2121 positisque
842 2065 987 2107 castris
1008 2065 1055 2106 in
1071 2066 1201 2120 Epiro
1222 2081 1348 2108 omne
1367 2067 1470 2108 litus
1491 2067 1716 2108 Actiacum

104 2145 149 2178 25
176 2136 440 2178 Leucadiam
474 2135 662 2177 insulam
695 2143 971 2190 montemque
1006 2137 1226 2177 Leucaten
1263 2144 1306 2178 et
1344 2137 1562 2177 Ambracii
1595 2137 1715 2178 sinus

176 2221 335 2247 cornua
353 2206 511 2247 infesta
529 2206 664 2246 classe
693 2205 976 2246 succinxerat.
1009 2205 1134 2246 nobis
1164 2205 1500 2260 quadringentae
1531 2207 1714 2261 amplius

176 2289 327 2325 naues,
349 2276 558 2316 ducentae
578 2274 721 2316 minus
741 2273 932 2315 hostium
943 2290 955 2323 ;
989 2275 1067 2318 sed
1093 2289 1321 2316 numerum
1341 2276 1594 2330 magnitudo
1613 2292 1717 2331 pen-

180 2399 194 2432 1
217 2397 357 2432 minora
371 2405 397 2432 B
414 2397 426 2443 Ι]
443 2409 488 2432 ex
505 2409 599 2444 aqua
613 2406 647 2432 N
661 2398 672 2443 ΙΙ
690 2401 841 2443 excepta
856 2405 889 2431 N
904 2397 915 2443 ΙΙ
934 2400 954 2432 2
972 2406 1096 2432 cumN
1110 2399 1122 2445 Η
1139 2399 1352 2434 salmacidae
1367 2408 1393 2434 B
1411 2400 1422 2446 ΙΙ
1439 2400 1575 2435 fluuius
1593 2421 1635 2426 —
1653 2413 1717 2435 no-

178 2465 245 2488 xae
269 2466 325 2488 om
347 2462 374 2488 Β
398 2453 538 2499 partim
560 2454 598 2487 in
621 2466 751 2488 rasura
775 2453 914 2499 partim
945 2453 983 2487 in
1008 2455 1169 2500 maryine
1198 2456 1382 2498 restituta,
1412 2468 1501 2501 quae
1523 2457 1715 2492 maa-imam

167 2514 311 2556 partem
328 2514 460 2545 resecta
476 2513 561 2545 eunt
575 2510 587 2556 11
606 2512 626 2544 3
643 2509 876 2544 hauriebatur
896 2518 931 2544 N
943 2510 956 2556 ΙΙ
974 2513 994 2544 4
1014 2523 1131 2546 noxae
1155 2513 1196 2547 b.-
1221 2512 1351 2547 noxiae
1373 2521 1406 2547 N
1421 2514 1432 2560 ΙΙ
1450 2514 1534 2548 fiere
1556 2515 1615 2560 Nl]
1635 2517 1653 2548 ἰ’
1679 2520 1717 2548 et

176 2579 231 2601 om
247 2574 273 2601 B
290 2566 301 2612 ΙΙ
320 2569 340 2601 8
357 2566 404 2601 ad
418 2574 456 2607 Β,
476 2577 498 2600 a
511 2574 545 2600 N
559 2566 570 2611 ΙΙ
591 2569 631 2600 10
641 2567 835 2613 aliquando
851 2575 885 2600 N
899 2567 910 2612 ΙΙ
928 2567 991 2612 qui
1005 2576 1037 2602 N
1053 2568 1064 2612 Η
1086 2570 1126 2602 12
1142 2580 1216 2602 non
1233 2568 1396 2604 interiret
1412 2575 1448 2605 et
1464 2571 1715 2606 luxuellibidie

175 2623 234 2669 Nn
255 2626 293 2657 13
313 2635 394 2658 cum
411 2634 466 2657 om
488 2631 521 2656 N
535 2623 547 2669 ΙΙ
565 2634 646 2657 cum
671 2634 802 2658 exosus
818 2630 851 2656 N
865 2623 876 2668 ss
897 2625 938 2656 15
956 2623 1043 2658 haec
1066 2632 1098 2658 N
1113 2624 1125 2670 Ι]
1147 2627 1186 2659 16
1211 2625 1367 2670 pretium
1383 2647 1429 2652 —
1452 2626 1642 2671 imperium
1658 2639 1713 2659 om

174 2687 200 2713 Β
217 2679 229 2725 ss
249 2682 288 2713 17
306 2679 476 2714 feliciorB
494 2679 504 2724 ΙΙ
523 2679 642 2724 coepit
656 2690 730 2713 non
747 2678 815 2712 sibi
831 2690 886 2712 om
901 2687 934 2712 N
948 2679 959 2724 ΙΙ
982 2682 1021 2714 18
1038 2691 1111 2715 non
1123 2693 1178 2715 om
1193 2689 1215 2715 Ι
1228 2681 1240 2727 ss
1258 2687 1380 2727 patrae
1393 2691 1424 2716 N
1438 2682 1449 2727 ΙΙ
1471 2686 1511 2716 19
1529 2683 1622 2716 toiae
1638 2690 1671 2715 N
1686 2683 1698 2727 ΙΙ

176 2740 276 2770 totus
293 2741 334 2770 ut
356 2741 556 2770 monstrum
572 2743 602 2769 N
619 2735 630 2779 11
648 2734 741 2769 illud
756 2734 795 2768 in
820 2739 940 2769 mente
959 2743 986 2770 Β
1002 2735 1014 2782 ΙΙ
1034 2738 1071 2770 21
1100 2737 1138 2771 in
1164 2737 1273 2773 latere
1295 2739 1334 2772 11'
1346 2753 1358 2771 :
1383 2739 1420 2773 in
1445 2739 1539 2773 latus
1558 2737 1619 2771 B1¹¹
1631 2763 1640 2778 ‚
1667 2738 1714 2771 ad

175 2791 270 2826 latus
285 2799 318 2825 N
332 2792 343 2837 Η
360 2791 516 2827 acinacie
531 2798 563 2825 N
579 2791 589 2836 ΙΙ
608 2792 651 2825 22
669 2790 832 2826 aderatN
846 2790 858 2837 ΙΙ
875 2795 913 2826 et
928 2799 1021 2826 omN
1038 2791 1049 2838 ss
1068 2794 1111 2827 24
1127 2793 1166 2828 in
1183 2794 1282 2839 epiro
1300 2794 1423 2829 castris
1434 2802 1466 2827 N
1480 2795 1491 2839 fl
1510 2805 1615 2828 omne
1625 2794 1713 2827 litus

176 2847 350 2882 actiacum
366 2860 422 2882 om
436 2855 469 2882 N
484 2848 495 2894 ΙΙ
513 2850 556 2882 25
581 2847 766 2883 leucadam
788 2855 835 2890 B,
860 2847 1047 2883 laucadam
1069 2857 1102 2883 N
1116 2850 1127 2895 ΙΙ
1145 2849 1320 2885 leucatem
1345 2858 1379 2883 N
1392 2851 1402 2895 H
1421 2850 1579 2884 anbracii
1595 2857 1620 2883 Β
1638 2850 1648 2894 Η
1667 2852 1710 2883 ’26

174 2904 306 2938 intesta
327 2910 352 2936 Β
368 2903 380 2948 ΙΙ
398 2905 439 2938 27
458 2904 634 2940 ducentae
650 2905 769 2939 minus
793 2904 947 2939 Titzt'ua:
973 2905 1149 2940 ducentae
1165 2917 1238 2940 non
1255 2906 1374 2939 minus
1391 2913 1447 2939 BN
1462 2907 1474 2951 fi

218 2967 373 2994 ηοω-8.
1470 2971 1490 3002 5
