2002 3320
306 213 385 253 114
953 224 1047 254 1vL1
1067 224 1200 254 nom

301 324 436 366 sabat.
471 323 626 378 quippe
647 338 673 365 a
693 323 805 365 senis
828 322 875 364 in
900 337 1091 365 nouenos
1121 336 1334 365 remorum
1355 323 1521 364 ordines
1533 355 1545 374 ,
1570 325 1623 365 ad
1643 323 1724 365 hoc
1746 330 1832 365 tur·
1868 334 1873 338 ·

299 395 416 437 ribus
446 401 575 448 atque
604 392 805 435 tabulatis
837 393 1058 435 adleuatae
1086 393 1356 435 castellorum
1384 394 1455 434 uel
1493 394 1664 435 urbium
1694 394 1832 448 speeie

297 479 387 506 non
416 463 508 505 sine
536 463 701 518 gemitu
733 463 861 504 mari·
898 469 940 504 et
973 464 1118 504 labore
1146 470 1375 504 uentorum
1409 464 1674 513 ferebantur3
1722 477 1831 518 quae

298 535 471 589 quidem
491 534 583 588 ipsa
611 534 744 575 moles
774 533 906 574 exitio
934 533 1033 574 fuit.
1067 533 1260 575 Caesaris
1288 547 1421 573 naues
1442 547 1467 574 a
1484 533 1598 575 binis
1618 534 1831 588 remigum

298 605 345 646 in
365 619 488 646 senos
508 618 587 645 nec
608 603 791 658 amplius
813 603 981 644 ordines
1003 602 1249 652 creuerant3
1282 602 1427 656 itaque
1441 602 1605 645 habiles
1624 598 1671 646 in
1691 604 1835 645 omnia
1863 611 1884 645 5

298 690 407 729 quae
427 689 529 716 usus
549 680 740 728 posceret
752 705 764 723 ,
788 674 842 714 ad
862 673 1046 728 impetus
1067 680 1109 714 et
1129 687 1323 715 recursus
1343 673 1563 728 flexusque
1583 674 1826 728 capiendos,

297 745 396 786 illas
434 759 586 798 graues
614 750 656 784 et
686 744 741 784 ad
770 743 914 785 omnia
946 743 1212 798 praepeditas
1255 742 1445 797 singulas
1483 743 1626 796 plures
1660 745 1833 786 adortae

296 815 547 864 missilibus,
571 813 700 855 simul
719 813 890 864 rostris,
913 815 966 855 ad
987 814 1068 855 hoc
1088 814 1261 868 ignibus
1281 812 1404 854 iactis
1426 813 1480 853 ad
1502 812 1725 854 arbitrium
1744 813 1828 854 dis·

298 885 504 940 sipauere.
538 898 617 924 nec
636 884 727 934 ulla
745 898 790 924 re
809 883 945 938 magis
961 883 1184 925 hostilium
1205 882 1422 937 copiarum
1451 882 1647 937 apparuit
1666 882 1831 936 magni—

295 957 400 1005 tudo
411 969 550 1013 ‚quam
569 960 666 1008 post
684 953 923 994 uictoriam.
969 953 1125 1007 quippe
1152 953 1371 994 inmensae
1391 953 1538 994 classis
1559 952 1832 1007 naufragium
1859 959 1902 993 1⁰

294 1026 407 1066 bello
435 1025 598 1065 factum
629 1029 719 1064 toto
739 1023 846 1063 mari
873 1023 1096 1073 fluitabat,
1128 1023 1404 1076 Arabumque
1434 1030 1476 1063 et
1506 1023 1766 1064 Sabaeorum
1786 1028 1830 1063 et

294 1095 413 1135 mille
432 1094 560 1135 Asiae
580 1092 778 1148 gentium
808 1093 943 1148 spolia
962 1107 1151 1147 purpura
1169 1106 1356 1146 auroque
1375 1091 1501 1132 inlita
1521 1092 1696 1133 adsidue
1715 1099 1832 1133 mota

294 1164 437 1206 uentis
457 1163 590 1204 maria
609 1163 901 1203 reuomebant.
935 1159 1100 1216 ”prima
1129 1163 1219 1202 dux
1247 1162 1373 1216 fugae
1402 1161 1550 1215 regina
1579 1176 1678 1202 cum
1698 1176 1826 1203 aurea
1854 1163 1889 1203 I

294 1249 437 1290 puppe
458 1234 639 1287 ueloque
658 1228 871 1286 purpureo
891 1232 938 1272 in
958 1233 1095 1273 altum
1115 1231 1247 1272 dedit.
1270 1246 1373 1272 mox
1393 1238 1564 1272 secutus
1584 1231 1801 1273 Antonius
1811 1248 1824 1281 ;

294 1306 369 1346 sed
388 1304 546 1345 instare
566 1301 760 1356 uestigiis
783 1303 953 1343 Caesar.
987 1301 1132 1354 itaque
1153 1315 1232 1341 nec
1253 1307 1503 1355 praeparata
1529 1300 1576 1340 in
1604 1301 1826 1342 Oceanum
1856 1309 1898 1342 15

293 1375 396 1429 fuga
425 1388 505 1414 nec
531 1371 701 1414 munita
729 1370 951 1426 praesidiis
981 1377 1161 1424 utraque
1189 1370 1377 1425 Aegypti
1409 1384 1593 1419 cornua,
1627 1372 1826 1412 Paraeto-

293 1444 417 1484 nium
440 1449 567 1496 atque
589 1440 835 1490 Pelusium,
857 1440 1076 1495 profuere:
1111 1453 1241 1494 prope
1261 1454 1395 1480 manu
1414 1441 1684 1481 tenebantur.
1717 1440 1830 1494 prior

293 1513 451 1554 ferrum
471 1511 698 1566 occupauit
716 1509 932 1552 Antonius
946 1542 959 1559 ‚
990 1509 1139 1564 regina
1159 1511 1213 1551 ad
1232 1511 1360 1564 pedes
1381 1509 1574 1551 Caesaris
1604 1510 1831 1563 prouoluta

294 1582 521 1637 temptauit
541 1581 685 1623 oculos
707 1580 842 1622 ducis.
874 1580 1032 1621 frustra
1052 1579 1249 1634 quidem;
1283 1594 1386 1620 nam
1413 1579 1688 1634 pulchritudo
1715 1579 1830 1621 infra

292 1651 546 1706 pudicitiam
564 1650 768 1705 principis
789 1649 886 1691 fuit.
917 1665 997 1691 nec
1017 1650 1093 1691 illa
1112 1651 1163 1691 de
1184 1650 1300 1700 uita,
1323 1665 1430 1704 quae
1451 1650 1729 1700 offerebatur,
1753 1651 1828 1692 sed
1855 1657 1900 1691 20

292 1723 344 1763 de
363 1728 483 1776 parte
503 1720 624 1775 regni
644 1721 878 1762 laborabat.
911 1721 1026 1774 quod
1052 1720 1127 1761 ubi
1147 1720 1391 1775 desperauit
1412 1735 1436 1761 a
1465 1719 1658 1774 principe
1687 1735 1827 1762 serua·

291 1791 412 1845 rique
434 1806 477 1832 se
499 1791 718 1845 triumpho
737 1790 874 1840 uidit,
904 1789 1187 1832 incautiorem
1206 1797 1365 1831 nancta
1385 1790 1624 1831 custodiam
1643 1789 1690 1831 in
1708 1804 1829 1831 mau-

293 1862 459 1903 soleum
480 1875 524 1902 se
554 1861 805 1915 (sepulchra
824 1875 975 1915 regum
1004 1861 1065 1902 sic
1094 1862 1279 1916 uocant)
1310 1860 1485 1915 recepit.
1519 1859 1581 1900 ibi
1599 1860 1826 1910 maximos,

290 1937 340 1972 ut
370 1931 555 1980 solebat,
588 1930 741 1972 induta
769 1932 910 1972 cultus
941 1931 987 1971 in
1015 1931 1168 1972 referto
1197 1931 1396 1972 odoribus
1425 1929 1531 1971 solio
1559 1929 1682 1971 iuxta
1700 1944 1828 1972 suum

293 2015 335 2042 se
367 2000 607 2042 conlocauit
635 2001 901 2050 Antonium,
933 2001 1198 2055 admotisque
1226 2003 1280 2042 ad
1311 2015 1443 2041 uenas
1473 2000 1741 2054 serpentibus
1767 1999 1829 2041 sie
1854 2007 1899 2040 25

291 2077 427 2112 morte
449 2069 570 2125 quasi
590 2085 739 2111 somno
759 2070 900 2111 soluta
920 2066 1024 2110 est.u
1825 2068 1894 2125 [I]

112 2159 204 2195 1111,
228 2144 279 2184 12
407 2139 497 2181 Hic
525 2139 624 2181 finis
656 2154 869 2181 armorum
889 2138 1100 2189 ciuilium,
1131 2138 1295 2193 reliqua
1315 2140 1516 2180 aduersus
1538 2145 1703 2179 exteras
1722 2152 1826 2192 gen-

294 2219 357 2253 tes
372 2243 384 2260 ,
417 2225 526 2264 quae
561 2209 752 2251 districto
787 2209 898 2251 cirea
931 2209 1045 2250 mala
1075 2223 1157 2250 sua
1189 2208 1368 2263 imperio
1395 2208 1574 2250 diuersis
1603 2207 1714 2249 orbis
1745 2207 1827 2250 oris

295 2280 549 2322 emicabant.
591 2294 705 2320 noua
725 2279 881 2335 quippe
901 2293 1010 2334 paiz,
1034 2280 1216 2320 necdum
1237 2280 1437 2320 adsuetae
1458 2278 1588 2320 frenis
1609 2277 1827 2320 seruitutis

298 2410 311 2441 1
334 2408 435 2442 denis
451 2416 476 2442 Β
494 2407 505 2453 ΙΙ
524 2406 710 2441 ordinibus
725 2414 758 2441 N
772 2406 784 2452 U
802 2409 822 2441 2
848 2410 884 2441 et
898 2414 932 2441 N
946 2406 957 2452 Η
975 2405 1129 2452 speciem
1151 2414 1177 2441 Β
1194 2406 1205 2452 ΙΙ
1224 2409 1243 2440 4
1267 2417 1289 2440 a
1311 2405 1516 2440 triremibus
1539 2405 1577 2440 in
1601 2415 1706 2439 senos
1729 2411 1760 2439 N
1776 2403 1788 2450 ss
1807 2405 1828 2438 6

294 2464 465 2509 poscebat
479 2471 512 2498 N
526 2463 537 2509 11
557 2466 574 2496 7
592 2463 713 2508 grauis
729 2472 762 2497 N
776 2463 786 2509 ΙΙ
805 2464 970 2498 adoratae
986 2470 1019 2497 N
1033 2463 1044 2508 ΙΙ
1062 2465 1082 2497 8
1102 2466 1180 2497 tum
1204 2461 1329 2496 rostris
1344 2470 1378 2497 N
1391 2462 1403 2508 ΙΙ
1421 2463 1467 2497 ad
1492 2461 1678 2496 arbitrium
1693 2472 1749 2494 om
1773 2468 1799 2495 Β
1815 2459 1828 2506 ΙΙ

295 2519 468 2564 dissipare
483 2527 508 2553 Β
526 2519 537 2564 fl
555 2522 575 2553 9
593 2531 649 2554 res
665 2527 690 2554 Β
707 2519 718 2565 ΙΙ
741 2522 779 2553 10
798 2519 959 2554 inmensa
974 2527 1007 2553 N
1021 2519 1032 2564 Η
1051 2517 1237 2563 naufragio
1254 2517 1339 2552 belli
1362 2518 1457 2552 facto
1473 2525 1506 2552 N
1520 2517 1531 2564 ΙΙ
1552 2519 1589 2551 11
1615 2517 1753 2551 ferebat
1766 2524 1802 2551 N
1814 2516 1826 2562 ΙΙ

298 2577 341 2610 12
365 2575 464 2609 mille
491 2575 642 2610 alierum
668 2575 763 2609 asiae
778 2583 812 2609 N
833 2575 844 2620 ΙΙ
873 2586 1071 2620 aurumque
1098 2574 1135 2608 in
1163 2574 1277 2619 ripam
1301 2574 1360 2619 Nss
1382 2576 1421 2608 13
1450 2573 1684 2608 reuomebant
1708 2579 1743 2607 N
1765 2583 1788 2605 α
1805 2574 1826 2605 2

295 2643 428 2666 manu.-
452 2631 686 2666 remouebant
701 2639 757 2665 BN
772 2632 784 2677 Ιξ
806 2633 843 2664 14
870 2643 1048 2677 purporeo
1067 2631 1087 2664 b
1104 2631 1116 2676 ss
1138 2632 1178 2664 16
1203 2630 1455 2675 parathonium
1471 2638 1502 2664 N
1519 2629 1530 2675 ss
1551 2630 1591 2663 17
1614 2638 1744 2673 pompe
1759 2626 1797 2661 17¹
1813 2626 1832 2673 fl

295 2696 484 2723 manumN
497 2687 508 2733 ΙΙ
526 2687 710 2733 primuml
725 2687 736 2731 ΙΙ
759 2689 798 2721 19
811 2688 955 2734 quidem
965 2695 1061 2721 omN
1076 2687 1087 2732 {l
1105 2687 1198 2720 infra
1213 2694 1244 2720 Ι.-
1262 2687 1357 2722 intra
1366 2694 1425 2721 BN
1439 2686 1450 2731 ΙΙ
1469 2689 1512 2720 20
1520 2682 1827 2731 pulchritudinem

295 2753 320 2779 B
338 2745 349 2791 l}
367 2744 596 2780 auferebatur
617 2751 637 2777 Ι
652 2743 662 2788 ΙΙ
682 2745 723 2777 22
742 2747 797 2776 set
811 2751 845 2776 N
859 2743 870 2788 11
889 2743 1014 2788 quidet
1035 2751 1079 2784 B,
1108 2743 1281 2788 cognouit
1306 2743 1350 2789 [11
1367 2746 1473 2777 nacta
1487 2749 1513 2776 B
1531 2741 1542 2786 Η
1559 2737 1755 2776 ιῐιεῗεοΙειιῐη
1770 2747 1796 2773 Β
1814 2738 1827 2785 ΙΙ

295 2802 332 2835 in
349 2801 572 2836 mausoleum
587 2810 713 2844 regum
732 2798 883 2844 (regium
893 2799 944 2843 11¹)
965 2810 1001 2832 se
1017 2798 1153 2843 recepit
1167 2807 1187 2832 Ι
1202 2799 1214 2843 ΙΙ
1233 2802 1275 2833 23
1292 2806 1446 2845 regemB
1463 2797 1475 2843 ss
1493 2796 1543 2831 sic
1560 2807 1615 2830 om
1628 2803 1654 2830 Β
1671 2794 1682 2840 11
1700 2794 1829 2840 recipit

294 2865 351 2890 BN
366 2857 376 2902 ΙΙ
396 2859 438 2890 24
457 2856 598 2891 differto
615 2863 648 2890 N
661 2856 672 2902 ss
692 2858 734 2890 26
760 2854 855 2889 uicta
879 2858 932 2888 est
956 2862 982 2888 Β
999 2854 1010 2899 ΙΙ
1030 2856 1072 2888 28
1091 2854 1262 2889 destricto
1277 2863 1303 2890 Β
1321 2855 1331 2900 ΙΙ
1349 2865 1446 2888 masa
1460 2861 1486 2887 Β
1503 2852 1515 2898 Η
1534 2855 1575 2886 29
1594 2852 1764 2886 adsuetae
1782 2861 1826 2892 ς.-

293 2913 442 2947 adsueta
456 2921 511 2947 BN
529 2912 540 2957 Η
