2002 3320
833 274 1096 304 ramulo.
1655 262 1756 300 XLI

201 394 283 435 que
310 379 359 421 in
385 377 530 420 codice
556 376 681 419 aliter
714 374 873 431 legitur
901 380 1097 417 accurate
1126 373 1386 424 adscribam,
1414 372 1502 415 nisi
1538 373 1654 428 quod
1682 387 1754 414 eos

198 452 313 494 locos
333 450 538 492 adnotare
558 445 699 497 omisi,
722 445 880 501 quibus
899 461 923 488 ο
943 452 987 488 et
1006 461 1058 488 ae
1076 437 1189 487 inter
1209 459 1254 487 se
1274 449 1609 486 commutantur.

389 598 440 639 P·
465 595 664 637 ANNII·
690 593 889 636 FLORI·
918 593 1256 636 VIRGILIVS·
1280 592 1547 635 ORATOR·
1569 591 1654 634 AN

857 684 985 733 poeta
1003 677 1171 733 incipit.

283 806 485 862 Capienti
511 805 621 847 mihi
652 804 842 860 quietem
870 803 918 845 in
952 802 1113 859 templo
1148 810 1192 845 et
1219 802 1416 846 saucium
1434 800 1588 857 uigilia
1614 801 1756 856 capud

280 878 564 935 plurimarum
602 876 802 918 arborum
829 874 1086 917 amoenitate
1097 907 1111 926 ‚
1153 874 1400 930 euriporum
1427 873 1608 928 ffigore,
1647 870 1755 913 aeris

253 957 274 990 5
290 949 487 990 libertate
507 945 717 989 recreanti
737 945 910 987 obuiam
929 946 1072 987 subito
1088 945 1264 1000 quidam
1283 945 1416 994 fuere,
1442 958 1548 998 quos
1569 943 1623 984 ab
1638 941 1756 984 urbis

281 1018 521 1074 spectaculo
537 1016 758 1058 Baeticam
771 1023 1035 1058 reuertentes
1054 1016 1227 1058 sinister
1245 1015 1414 1057 Africae
1434 1020 1592 1056 uentus
1612 1013 1658 1054 in
1674 1013 1757 1055 hoc

280 1089 385 1130 litus
406 1093 663 1130 excusserat.
706 1101 889 1141 quorum
908 1102 1021 1128 unus
1032 1118 1046 1137 ,
1076 1086 1145 1128 uir
1165 1092 1214 1127 ut
1232 1085 1394 1140 postea?
1402 1084 1602 1139 apparuit
1620 1083 1756 1126 literis

278 1158 547 1214 pereruditus
559 1190 573 1209 ,
606 1158 746 1200 subito
777 1159 831 1200 ad
850 1173 920 1199 me
940 1157 1145 1199 conuenit
1165 1164 1209 1198 et
1224 1150 1374 1198 ‘salue'-
1395 1154 1549 1210 inquid
1563 1151 1751 1210 ‘hospes.

278 1229 364 1272 nisi
382 1230 611 1272 molestum
630 1235 719 1279 est,
752 1228 821 1270 dic
848 1243 1007 1270 nomen
1038 1235 1202 1282 tuum3„
1221 1242 1324 1270 nam
1350 1226 1494 1268 nescio
1515 1226 1621 1281 quid
1642 1226 1756 1268 oculi

225 1309 268 1342 10
282 1301 368 1342 mei
389 1307 637 1342 ammonent
667 1305 710 1341 et
729 1299 852 1354 quasi
878 1314 955 1355 per
984 1299 1185 1341 nubilum
1214 1305 1257 1339 te
1284 1292 1572 1353 recognosco-³
1615 1293 1755 1342 ‘Quid

279 1366 415 1414 istic?³
437 1371 630 1426 inquam.
669 1366 866 1412 ‘Florum
885 1370 1007 1412 uides
1020 1402 1033 1420 ,
1056 1370 1234 1411 fortasse
1254 1376 1298 1410 et
1319 1368 1529 1419 audieris,
1552 1368 1589 1410 si
1611 1375 1755 1410 tamen

280 1442 328 1483 in
357 1442 434 1484 illo
461 1441 574 1483 orbis
611 1448 819 1482 terrarum
855 1441 1141 1483 conciliabulo
1177 1440 1256 1481 sub
1285 1439 1535 1481 Domitiano
1561 1439 1754 1494 principe

277 1512 449 1554 crimini
468 1519 614 1553 nostro
635 1507 843 1553 adfuisti?
876 1519 920 1553 et
940 1511 1143 1553 Baeticus
1159 1506 1283 1552 ‘tune
1299 1504 1356 1551 es'
1377 1506 1532 1565 i'nquid
1547 1506 1621 1551 ‘ex
1640 1510 1754 1551 Afri-

281 1598 354 1634 ca,
377 1598 506 1638 quem
532 1597 699 1624 summo
729 1596 940 1624 consensu
970 1580 1272 1638 poposcimus?
1302 1580 1443 1621 inuito
1458 1580 1633 1635 quidem
1648 1581 1754 1622 Cae-

224 1663 268 1695 15
283 1669 376 1696 sare
405 1661 467 1705 et-
482 1653 730 1703 resistente,
772 1668 862 1694 non
891 1654 1006 1708 quod
1041 1649 1122 1694 tibi
1154 1666 1286 1707 puero
1315 1651 1555 1701 inuideret,
1589 1652 1664 1692 sed
1698 1666 1754 1692 ne

278 1725 427 1766 Africa
445 1739 646 1766 coronam
665 1723 815 1778 magni
835 1723 954 1765 Iouis
975 1717 1237 1778 attingeret?
1259 1736 1370 1777 quae
1385 1736 1485 1763 cum
1503 1736 1572 1763 me
1586 1721 1755 1764 uideret

278 1796 520 1837 uerecunde
540 1802 868 1850 agnoscentem,
891 1794 939 1835 in
959 1794 1209 1849 amplexum
1227 1792 1463 1834 effunditur
1482 1799 1526 1834 et
1541 1787 1668 1833 ‘ama'
1689 1792 1756 1834 in·

279 1866 384 1921 quid
399 1861 550 1921 ‘igitur
577 1866 788 1907 fautorem
806 1859 963 1906 tuum?
999 1860 1170 1920 ‘quidni
1190 1863 1358 1906 amem?
1372 1858 1383 1876 ’
1412 1870 1455 1905 et
1474 1879 1609 1905 manu
1629 1865 1754 1906 alter-

278 1944 427 1978 utrum
452 1943 647 1978 tenentes
684 1935 931 1978 auidissima
964 1941 1212 1977 nascentem
1244 1933 1479 1976 amicitiam
1512 1934 1755 1976 foederaba-

220 2014 266 2049 20
281 2022 395 2066 mus,
417 2022 517 2048 cum
536 2007 610 2048 ille
625 2006 801 2049 interim
813 2005 938 2048 breui
952 2005 1180 2048 interuallo
1201 2020 1306 2047 usus
1321 2001 1384 2047 ‘et
1399 2005 1504 2060 quid
1520 2000 1581 2047 tu'
1603 2005 1756 2060 inquid

273 2075 384 2120 ‘tam
403 2078 479 2120 diu
499 2078 547 2119 in
566 2078 647 2119 hac
667 2076 916 2133 prouincia?
948 2091 1028 2118 nec
1048 2076 1096 2117 in
1114 2083 1307 2118 nostram
1324 2076 1547 2118 Baeticam
1566 2076 1754 2118 excurris

275 2164 355 2191 nec
374 2150 525 2191 urbem
544 2148 666 2190 illam
684 2148 852 2198 reuisis,
878 2147 954 2189 ubi
973 2162 1122 2189 uersus
1144 2147 1209 2188 tui
1229 2162 1255 2188 a
1274 2147 1503 2188 lectoribus
1520 2146 1755 2194 concinun-

278 2227 349 2262 tur
367 2227 411 2262 et
430 2219 476 2261 in
494 2219 587 2261 foro
607 2219 725 2261 omni
745 2218 1006 2260 clarissimus
1035 2217 1110 2259 ille
1122 2220 1184 2271 Vde
1204 2218 1342 2259 Dacia
1369 2217 1613 2272 triumphus
1633 2217 1754 2259 exul-

277 2290 364 2344 tat?
398 2297 575 2345 potesne
595 2305 695 2331 cum
713 2290 796 2330 hoc
815 2288 1024 2344 singulari
1043 2288 1220 2343 ingenio
1253 2294 1456 2342 tantaque
1485 2294 1640 2329 natura
1658 2302 1755 2342 pro-

219 2369 263 2402 25
280 2361 511 2402 uincialem
530 2361 739 2402 latebram
758 2359 879 2413 pati?
909 2358 1021 2400 nihil
1042 2365 1083 2399 te
1104 2358 1255 2400 caritas
1276 2358 1416 2408 urbis,
1440 2358 1552 2399 nihil
1571 2357 1645 2399 ille
1664 2357 1754 2400 uic-

278 2438 344 2473 tor
363 2431 557 2486 gentium
577 2431 786 2486 populus,
811 2429 923 2471 nihil
944 2436 1117 2471 senatus
1138 2429 1309 2471 mouet?
1339 2429 1451 2471 nihil
1471 2429 1656 2484 denique
1676 2430 1755 2471 lux

278 2510 321 2544 et
340 2502 482 2556 fulgor
501 2501 637 2542 felicis
657 2501 810 2556 inperi,
830 2501 904 2555 qui
924 2501 971 2542 in
988 2515 1032 2541 se
1049 2499 1160 2554 rapit
1181 2507 1309 2554 atque
1329 2500 1542 2541 conuertit
1561 2500 1755 2542 omnium

275 2573 419 2614 oculos
449 2572 676 2613 hominum
706 2586 755 2613 ac
785 2565 1006 2613 deorumY'
1050 2577 1177 2626 atque
1220 2585 1298 2626 ego
1334 2570 1452 2612 uarie
1480 2572 1754 2627 perturbatus

281 2780 301 2811 3
318 2778 475 2823 quietem
492 2778 564 2811 add
579 2777 794 2822 Schopenius
812 2778 823 2823 l}
842 2779 862 2811 5
879 2778 971 2812 aeris
997 2777 1209 2812 salubritate
1227 2776 1443 2822 Schopenitoe
1461 2778 1472 2822 n
1491 2778 1512 2809 6
1538 2775 1659 2809 affrica
1677 2776 1688 2819 U
1712 2777 1750 2807 10

281 2838 318 2868 te
333 2834 404 2868 add
430 2834 645 2879 Schopenius
664 2836 674 2879 Η
696 2836 737 2869 12
761 2834 963 2869 domiciano
982 2835 992 2880 ΙΙ
1017 2837 1055 2869 13
1082 2834 1204 2869 affrica
1221 2834 1232 2879 Η
1263 2836 1305 2868 16
1328 2834 1452 2868 Africa
1477 2843 1646 2866 coronam
1669 2830 1751 2864 Rit-

224 2934 226 2938 ‚
281 2890 453 2925 achetium.-
477 2891 598 2927 affrice
614 2903 747 2927 corona
764 2891 775 2936 ΙΙ
799 2892 838 2925 18
856 2902 1003 2926 manum
1021 2891 1033 2937 ss
1054 2893 1095 2926 19
1106 2891 1304 2926 amiciciam
1322 2891 1334 2935 ΙΙ
1353 2893 1395 2924 24
1413 2894 1563 2934 potesne
1575 2900 1630 2919 a·
1646 2887 1752 2921 code-t

281 2945 318 2979 in
334 2957 402 2991 quo
416 2947 587 2992 scriptum
604 2951 684 2983 erat
704 2949 773 2983 hoc
792 2947 803 2994 ss
822 2950 864 2982 25
881 2947 1000 2983 uictor
1016 2948 1088 2983 add
1101 2947 1331 2989 Ritsckelim,
1350 2946 1389 2980 in
1405 2944 1519 2980 codice
1535 2943 1608 2978 eim
1625 2943 1698 2978 loco
1714 2948 1750 2978 te

282 3013 422 3036 era-omn
439 3006 492 3037 est
537 3006 581 3039 26
597 3005 766 3050 gencium
784 3004 796 3051 ss
