2002 3320
612 252 810 283 1¹:1³1qu
831 253 864 290 1,
886 246 1034 280 44—-46
1058 238 1148 295 [111,
1174 236 1355 293 ιιι-12].
1703 234 1757 276 75

224 356 338 397 tibus
356 353 476 409 suia]
496 352 638 394 filium
657 352 778 394 ducis
797 364 933 407 paene
952 350 1000 392 in
1015 357 1247 405 conspectu
1263 348 1396 403 patris
1416 348 1530 389 idem
1546 347 1642 388 telis
1659 360 1757 401 ope·

225 430 417 467 ruerunt.
455 423 659 477 reliquiae
682 421 865 463 infelicis
891 420 1116 470 exercitus,
1150 434 1234 474 quo
1257 432 1466 474 quemque
1479 417 1622 472 rapuit
1636 417 1755 471 fuga,

226 495 273 536 in
291 489 540 536 Armeniam
559 492 757 534 Ciliciam
773 492 1025 547 Syriamque
1040 490 1283 539 distractae,
1305 489 1382 530 uix
1401 487 1605 529 nuntium
1624 486 1757 528 cladis

176 564 210 605 I
232 563 485 605 retulerunt.
527 559 685 617 ''caput
713 562 804 604 eius
834 561 1017 603 recisum
1043 575 1143 602 cum
1171 561 1346 601 dextera
1373 573 1507 600 manu
1534 558 1588 598 ad
1614 570 1758 611 regem

175 642 196 674 5
225 639 486 687 reportatum
506 632 691 674 ludibrio
710 631 820 682 fuit,
841 645 982 686 neque
1001 630 1195 684 indigno.
1230 642 1382 670 aurum
1409 628 1525 669 enim
1545 626 1758 681 liquidum

224 702 270 743 in
289 703 445 743 rictum
466 703 548 744 oris
568 702 758 744 infusum
777 708 842 743 est
854 733 867 751 ,
900 707 950 742 ut
970 699 1093 741 cuius
1114 698 1283 740 animus
1303 705 1461 740 arserat
1482 697 1575 738 auri
1594 695 1757 750 cupidi-

156 772 323 829 [I]tate‚
347 772 438 813 eius
459 772 588 814 etiam
607 778 824 813 mortuum
843 777 886 814 et
906 784 1100 825 exangue
1120 783 1271 823 corpus
1292 783 1394 810 auro
1413 763 1647 810 ureretur.u

155 1144 197 1177 10

155 1492 197 1525 15

154 1839 198 1872 20

155 2187 200 2220 25

586 943 753 985 XLVI.
785 941 870 983 AN
871 939 1382 983 ACEPHALAEOSIS.

222 1067 345 1108 Haec
365 1071 429 1107 est
448 1064 524 1106 illa
542 1064 670 1106 tertia
689 1071 803 1106 aetas
823 1063 973 1118 populi
992 1062 1179 1104 Romani
1199 1060 1496 1112 transmarina,
1519 1075 1605 1116 qua
1624 1060 1754 1102 Italia
1768 1074 1840 1111 111,
1863 1062 1914 1101 12

222 1135 420 1191 progredi
439 1148 568 1176 ausus
589 1135 688 1178 orbe
708 1141 797 1175 toto
814 1147 931 1175 arma
946 1131 1223 1174 circumtulit.
1256 1132 1378 1173 cuius
1399 1131 1548 1173 aetatis
1570 1130 1755 1185 superio—

222 1220 288 1247 res
309 1212 483 1247 centum
503 1204 606 1245 anni
627 1203 764 1246 sancti
790 1203 852 1258 pii
872 1209 939 1254 et,
970 1210 1020 1244 ut
1040 1202 1253 1252 diximus,
1286 1201 1428 1252 aurei,
1462 1201 1553 1242 sine
1572 1200 1753 1255 flagitio,

222 1275 313 1317 sine
334 1275 506 1325 scelere,
529 1275 633 1316 dum
653 1274 816 1316 sincera
835 1274 975 1315 adhuc
995 1280 1038 1314 et
1057 1272 1235 1314 innoxia
1253 1272 1464 1327 pastoriae
1479 1271 1597 1312 illius
1619 1278 1756 1312 sectae

222 1343 461 1399 integritas,
484 1346 671 1399 dumque
692 1345 936 1386 Poenorum
954 1342 1145 1384 hostium
1164 1342 1380 1383 inminens
1408 1349 1548 1383 metus
1569 1339 1755 1395 discipli-

221 1429 325 1455 nam
350 1421 542 1456 ueterem
570 1414 830 1455 continebat.
875 1412 1033 1468 posteri
1061 1420 1260 1462 centum,
1291 1427 1396 1466 quos
1427 1427 1453 1452 a
1483 1409 1755 1466 Carthaginis

225 1483 423 1525 Corinthi
442 1484 789 1538 Numantiaeque
809 1482 984 1524 excidiis
1006 1489 1049 1524 et
1076 1482 1214 1523 Attali
1242 1481 1352 1536 regis
1382 1481 1572 1523 Asiatica
1590 1480 1755 1522 heredi-

224 1560 312 1595 tate
332 1553 587 1595 deduximus
606 1554 654 1594 in
674 1554 897 1595 Caesarem
918 1560 960 1594 et
982 1552 1237 1607 Pompeium
1265 1558 1544 1606 secutumque
1569 1551 1672 1600 hos,
1704 1551 1757 1591 de

224 1637 309 1678 quo
334 1623 548 1673 dicemus,
573 1624 846 1677 Augustum,
873 1629 923 1662 ut
948 1622 1140 1663 claritate
1163 1636 1304 1663 rerum
1327 1621 1578 1663 bellicarum
1592 1620 1756 1675 magni-

222 1693 319 1743 fici,
343 1692 405 1734 ita
425 1692 667 1734 domesticis
687 1691 879 1733 cladibus
900 1692 1044 1733 miseri
1064 1699 1107 1733 et
1136 1692 1425 1733 erubescendi.
1459 1691 1617 1746 quippe
1647 1690 1758 1732 sicut

225 1763 415 1804 Galliam
431 1762 661 1804 Thraciam
681 1761 879 1804 Ciliciam
908 1762 1246 1816 Cappadociam,
1278 1761 1513 1803 uberrimas
1543 1759 1756 1802 ualidissi-

223 1846 399 1886 masque
427 1832 695 1887 prouincias,
731 1832 957 1873 Menios
987 1831 1117 1872 etiam
1145 1839 1188 1872 et
1217 1831 1472 1881 Britannos,
1509 1838 1560 1872 ut
1596 1845 1685 1871 non
1711 1829 1756 1869 in

226 1916 368 1950 usum,
391 1901 452 1942 ita
467 1903 521 1943 ad
536 1901 704 1956 imperii
719 1901 902 1956 speciem
916 1915 1073 1956 magna
1088 1901 1264 1943 nomina
1279 1901 1514 1955 adquisisse
1529 1900 1759 1954 pulchrum

225 1985 274 2012 ac
308 1972 532 2020 decorum3
570 1971 632 2012 ita
666 1973 815 2012 eodem
849 1978 1037 2026 tempore
1066 1971 1289 2013 dimicasse
1319 1971 1434 2012 domi
1463 1985 1563 2011 cum
1592 1969 1761 2011 ciuibus

226 2039 349 2083 sociis
368 2041 593 2096 mancipiis
613 2041 918 2096 gladiatoribus
940 2047 1112 2096 totoque
1127 2040 1245 2082 'inter
1264 2056 1308 2082 se
1325 2048 1477 2082 senatu
1491 2047 1616 2094 turpe
1633 2046 1761 2093 atque

225 2110 528 2152 miserandum.
572 2126 621 2152 ac
649 2111 792 2154 nescio
830 2127 885 2153 an
916 2111 1049 2153 satius
1070 2111 1198 2152 fuerit
1217 2111 1375 2166 populo
1395 2111 1592 2152 Romano
1614 2107 1762 2150 Sicilia

226 2187 270 2221 et
287 2179 434 2221 Africa
452 2187 654 2223 contento
673 2181 828 2231 fuisse,
862 2189 938 2222 aut
957 2181 1025 2222 his
1045 2181 1176 2221 etiam
1195 2181 1298 2235 ipsis
1327 2194 1500 2234 parcere
1520 2176 1761 2220 dominanti

226 2249 273 2289 in
309 2249 438 2290 Italia
467 2265 569 2300 sua,
608 2265 736 2304 quam
765 2265 814 2291 eo
848 2250 1159 2304 magnitudinis
1194 2263 1378 2290 crescere
1408 2255 1458 2290 ut
1485 2247 1651 2288 uiribus
1672 2245 1761 2287 suis

228 2319 519 2359 conficeretur.
568 2334 676 2374 quae
711 2319 827 2360 enim
862 2334 928 2360 res
959 2319 1044 2360 alia
1070 2318 1218 2359 ciuiles
1249 2318 1410 2359 furores
1440 2317 1604 2372 peperit
1634 2330 1763 2370 quam

229 2386 387 2428 nimiae
408 2387 660 2428 felicitates?
690 2388 813 2442 Syria
834 2388 972 2443 prima
991 2403 1068 2430 nos
1089 2388 1205 2429 uicta
1225 2388 1428 2443 corrupit,
1451 2402 1552 2429 mox
1572 2385 1765 2428 Asiatica

232 2602 246 2634 1
268 2600 364 2634 hosti
380 2607 413 2634 N
427 2600 438 2646 ΙΙ
457 2611 571 2645 poene
587 2607 612 2634 Β
629 2599 640 2645 ΙΙ
659 2599 793 2635 eisdem
808 2608 840 2635 N
855 2601 867 2646 ss
886 2603 905 2635 2
923 2612 995 2646 quo
1019 2613 1074 2634 om
1091 2608 1116 2634 Β
1133 2601 1144 2646 ΙΙ
1162 2602 1181 2634 3
1206 2602 1422 2636 amoeniam
1449 2601 1599 2636 siliciam
1627 2602 1764 2636 siriam-

229 2667 299 2702 que
314 2665 340 2691 B
358 2657 368 2701 ΙΙ
387 2656 506 2690 clades
520 2664 554 2690 N
568 2655 579 2701 Π
598 2659 616 2690 4
635 2656 834 2701 praecisum
852 2656 887 2690 1¹⁸
905 2657 916 2703 ss
935 2660 955 2690 5
972 2656 1168 2691 ludibrium
1185 2657 1220 2691 1¹¹
1238 2657 1250 2702 ss
1269 2660 1288 2691 8
1306 2666 1415 2694 van
1433 2662 1763 2692 ANAKEd’ALl—:OSIS

227 2720 264 2753 B,
284 2721 682 2747 ANACEPKALAEOSISN
698 2713 709 2758 ss
727 2715 748 2747 9
765 2713 871 2747 tertia
887 2721 975 2747 omB
993 2713 1003 2758 ΙΙ
1025 2716 1064 2747 14
1082 2713 1294 2759 postremiN
1308 2714 1319 2759 Η
1338 2714 1436 2759 quod
1447 2722 1472 2748 Β
1490 2714 1501 2757 Η
1519 2712 1765 2757 charthaginis

227 2775 253 2801 Β
270 2768 281 2811 ΙΙ
304 2771 343 2802 17
363 2768 523 2803 dicemus
540 2769 607 2803 edd
620 2773 719 2803 uett:
747 2769 899 2803 dicimus
922 2777 982 2803 ΒΝ
996 2769 1006 2813 ΙΙ
1025 2774 1062 2803 et
1085 2769 1246 2804 claritate
1263 2778 1296 2804 Ν
1311 2771 1321 2814 ΙΙ
1344 2773 1383 2804 19
1410 2770 1518 2815 gallia
1542 2777 1567 2802 Β
1585 2769 1596 2813 ΙΙ
1614 2767 1763 2801 siciliam

228 2831 254 2856 Β
271 2823 283 2868 ΙΙ
301 2826 343 2858 20
360 2824 553 2859 bretannos
571 2826 602 2867 b,
637 2816 847 2859 brettanhos
862 2834 888 2860 Β
900 2852 909 2867 ,
944 2825 1147 2861 brittannos
1163 2835 1196 2861 Ν
1211 2828 1221 2872 Η
1241 2829 1279 2861 21
1302 2826 1418 2859 uisum
1440 2833 1465 2858 Β
1483 2825 1493 2869 Η
1512 2823 1701 2868 atquisisse
1725 2831 1762 2863 Β,

232 2878 478 2924 adquesisseN
492 2881 504 2925 ll
523 2883 565 2916 22
583 2881 681 2915 hace
699 2882 710 2926 Η
729 2883 772 2915 23
790 2887 930 2916 turreN
944 2882 955 2927 ΙΙ
974 2885 1016 2916 24
1034 2894 1080 2916 an
1097 2883 1217 2917 nescio
1233 2891 1266 2916 Ν
1281 2882 1292 2927 ΙΙ
1310 2893 1350 2915 ac
1375 2881 1461 2914 satis
1477 2888 1502 2913 Β
1521 2880 1531 2923 Η
1551 2881 1593 2912 25
1620 2883 1767 2912 conten·

231 2939 289 2968 tos
315 2942 340 2968 Β
357 2935 368 2978 ΙΙ
387 2946 504 2970 carere
521 2937 707 2971 dominant
722 2945 756 2971 N
770 2938 781 2981 Η
799 2939 841 2972 28
859 2938 990 2973 nimiae
1006 2939 1187 2973 felicitatis
1203 2947 1238 2978 B,
1260 2938 1369 2971 nimia
1385 2936 1537 2970 felicitas
1553 2942 1587 2968 N
1606 2935 1616 2979 ΙΙ
