2002 3320
271 231 325 270 94
915 244 1008 272 rvm
1030 244 1159 272 rimu

271 342 520 397 agentibus,
544 343 699 383 Caesar
718 343 979 395 parcendum
999 342 1224 398 dignitati,
1248 345 1355 386 Cato
1376 345 1805 387 animaduertendum

273 427 348 466 pro
370 412 523 453 scelere
545 411 788 452 censebant.
826 426 955 465 quam
975 412 1231 454 sententiam
1251 414 1407 456 secutis
1429 416 1626 457 omnibus
1647 415 1692 456 in
1714 430 1802 457 car-

271 497 362 523 cere
390 481 624 536 parricidae
651 482 989 536 strangulantur.
1023 483 1219 536 quamuis
1248 491 1368 538 parte
1396 485 1700 527 coniurationis
1730 500 1802 540 op-

272 566 431 606 pressa,
455 558 598 592 tamen
620 552 671 592 ab
693 551 862 606 incepto
883 551 1071 593 Catilina
1090 567 1178 594 non
1198 553 1363 595 destitit
1375 570 1386 603 3
1420 555 1586 596 infestis
1608 556 1660 596 ab
1677 556 1803 596 Etru-

271 622 333 663 ria
369 621 502 676 signis
534 621 718 676 patriam
750 629 901 677 petens
937 622 1065 663 obuio
1093 623 1275 664 Antonii
1304 623 1493 665 exercitu
1527 625 1794 679 opprimitur.
1828 625 1869 665 5‘

272 707 400 747 quam
435 692 632 733 atrociter
666 692 915 733 dimicatum
950 693 1028 742 sit,
1066 692 1207 733 exitus
1245 693 1403 734 docuit.
1451 709 1578 735 nemo
1613 695 1803 737 hostium

269 764 383 805 bello
413 762 645 817 superfuit3
686 770 812 816 quem
841 762 937 817 quis
967 763 1013 803 in
1042 764 1276 817 pugnando
1305 770 1472 818 ceperat
1499 764 1666 814 locum,
1705 780 1804 806 eum

273 834 428 875 amissa
453 832 595 873 anima
621 846 792 886 corpore
818 833 1003 887 tegebat.
1045 832 1234 874 Catilina
1266 833 1394 887 longe
1419 848 1444 874 a
1470 834 1559 875 suis
1594 834 1707 876 inter
1728 835 1803 877 ho·

272 904 404 945 stium
424 904 631 944 cadauera
649 909 840 956 repertus
861 909 939 953 est,
962 902 1249 957 pulcherrima
1267 910 1416 953 morte,
1441 903 1477 945 si
1496 918 1572 958 pro
1591 905 1729 960 patria
1745 905 1805 947 sic

272 973 538 1015 concidisset.
1835 984 1876 1016 10

373 1136 509 1176 XIII.
543 1135 788 1176 BELLVM
810 1134 1016 1176 CIVILE
1038 1133 1327 1175 CAESARIS
1350 1134 1425 1175 ET
1447 1135 1692 1176 POMPEI.

116 1281 207 1326 1111,
232 1278 256 1316 2
274 1275 369 1315 Iam
403 1279 493 1313 toto
529 1272 627 1312 orbe
656 1285 792 1326 paene
820 1277 971 1325 pacato
998 1270 1136 1311 maius
1166 1278 1256 1311 erat
1284 1270 1511 1324 imperium
1539 1271 1802 1321 Romanum,

274 1357 402 1398 quam
431 1349 481 1383 ut
511 1341 612 1383 ullis
642 1341 796 1382 exteris
827 1340 992 1381 uiribus
1024 1340 1206 1394 opprimi
1233 1348 1391 1394 posset.
1434 1339 1578 1394 itaque
1604 1340 1805 1382 inuidens

271 1414 443 1454 fortuna
476 1410 660 1466 principi
693 1410 889 1464 gentium
923 1410 1081 1464 populo
1117 1410 1259 1464 ipsum
1293 1410 1418 1450 illum
1454 1405 1500 1450 in
1529 1410 1709 1452 exitium
1738 1411 1805 1452 sui

271 1482 467 1523 armauit.
493 1497 541 1523 ac
558 1481 754 1523 Mariana
774 1480 947 1535 quidem
962 1480 1243 1534 Cinnanaque
1262 1479 1400 1521 rabies
1420 1479 1506 1520 iam
1526 1479 1639 1521 intra
1656 1481 1804 1522 urbem
1834 1489 1875 1521 15

269 1553 546 1608 praeluserat,
570 1551 692 1606 quasi
713 1551 749 1592 si
769 1550 1045 1605 experiretur.
1072 1550 1250 1591 Sullana
1270 1557 1500 1603 tempestas
1521 1550 1668 1600 latius,
1691 1550 1804 1591 intra

270 1623 444 1665 Italiam
464 1630 608 1664 tamen
629 1624 895 1663 detonuerat.
931 1620 1123 1662 Caesaris
1152 1620 1267 1661 furor
1298 1627 1425 1674 atque
1455 1620 1634 1675 Pompei
1653 1621 1803 1661 urbem

272 1694 445 1735 Italiam
464 1700 613 1748 gentes
635 1692 830 1732 nationes
845 1723 858 1740 ,
887 1697 1028 1731 totum
1057 1705 1141 1744 qua
1168 1690 1342 1744 patebat
1368 1689 1594 1744 imperium
1621 1691 1805 1744 quodam

271 1764 394 1819 quasi
414 1763 579 1805 diluuio
601 1769 643 1803 et
662 1760 1000 1802 inflammatione
1021 1759 1251 1814 corripuit,
1275 1761 1379 1801 adeo
1400 1767 1450 1801 ut
1470 1774 1557 1801 non
1577 1766 1689 1801 recte
1711 1767 1804 1801 tan-

271 1843 364 1875 tum
384 1833 511 1875 ciuile
533 1833 714 1882 dicatur,
739 1846 787 1872 ac
807 1846 862 1871 ne
884 1830 1038 1872 sociale
1060 1830 1247 1884 quidem,
1273 1831 1347 1871 sed
1366 1845 1445 1871 nec
1466 1837 1704 1879 externum,
1729 1831 1803 1871 sed
1829 1837 1874 1870 20

269 1904 411 1958 potius
446 1917 670 1944 commune
705 1903 919 1956 quoddam
953 1915 1006 1941 ex
1036 1899 1232 1941 omnibus
1263 1906 1304 1940 et
1335 1900 1432 1954 plus
1462 1915 1590 1955 quam
1622 1899 1800 1941 bellum.

271 1974 428 2029 quippe
450 1973 485 2014 si
496 1974 624 2014 duces
646 1972 737 2012 eius
758 1970 975 2024 inspicias,
1001 1977 1116 2010 totus
1135 1977 1308 2010 senatus
1325 1970 1370 2010 in
1386 1971 1604 2024 partibus3
1630 1970 1667 2011 si
1687 1984 1802 2012 exer-

270 2044 405 2094 citus,
427 2043 529 2084 hinc
551 2041 751 2083 undecim
770 2039 960 2094 legiones
975 2070 987 2088 ,
1011 2039 1111 2079 inde
1133 2040 1277 2079 decem
1298 2046 1340 2079 et
1361 2046 1477 2088 octo,
1501 2040 1579 2080 flos
1601 2039 1739 2080 omnis
1761 2046 1804 2080 et

270 2115 397 2155 robur
418 2112 560 2155 Italici
581 2109 828 2165 sanguinis3
850 2108 885 2150 si
895 2107 1058 2149 auxilia
1068 2107 1295 2157 sociorum,
1321 2107 1422 2148 hinc
1444 2107 1603 2149 Gallici
1625 2108 1801 2150 Germa-

270 2184 398 2238 nique
419 2183 616 2231 dilectus,
635 2181 736 2221 inde
749 2178 976 2220 Deiotarus
985 2177 1291 2218 Ariobarzanes
1301 2177 1655 2219 Tarcondimotus
1669 2178 1799 2234 Cotys
1829 2187 1872 2220 25

271 2261 312 2294 et
341 2252 654 2308 Rhascypolis,
686 2264 810 2291 omne
842 2247 1050 2290 Thraciae
1081 2247 1376 2302 Cappadociae
1398 2247 1675 2288 Macedoniae
1697 2248 1800 2289 Cili-

271 2324 359 2364 ciae
382 2323 587 2365 Graeciae
606 2320 823 2374 totiusque
840 2319 970 2360 robur
986 2317 1184 2366 orientis3
1219 2317 1255 2359 si
1275 2333 1436 2359 moram
1455 2317 1575 2367 belli,
1600 2325 1802 2371 quattuor

276 2487 285 2516 l
310 2483 659 2517 animaduertentum
675 2489 706 2514 N
723 2481 732 2525 11
753 2482 771 2514 3
791 2491 897 2524 quam
915 2479 988 2513 suis
1005 2487 1030 2513 Β
1047 2479 1058 2525 11
1076 2482 1095 2513 4
1118 2478 1275 2513 catillina
1292 2486 1322 2512 N
1339 2478 1349 2523 11
1369 2478 1430 2513 sed
1457 2477 1596 2512 infestis
1620 2478 1679 2522 Ν11
1697 2480 1716 2510 5
1741 2489 1801 2512 an—

270 2540 370 2574 tonio
395 2547 420 2573 B
437 2539 449 2584 11
469 2541 486 2571 7
505 2549 612 2583 quam
627 2545 652 2571 Β
670 2536 680 2581 11
699 2547 780 2570 eum
796 2544 828 2569 N
843 2535 854 2581 ΙΙ
874 2537 892 2569 8
912 2535 1070 2570 catillina
1084 2543 1117 2570 Ν
1131 2535 1142 2580 11
1160 2537 1180 2569 9
1204 2534 1444 2580 pulcherrima
1465 2546 1521 2568 om
1545 2542 1570 2568 Β
1588 2533 1599 2579 11
1617 2533 1647 2567 si
1671 2533 1721 2567 sic
1736 2545 1801 2578 pro

271 2595 386 2642 patria
412 2595 443 2629 si
460 2593 675 2629 concidisset
690 2601 715 2626 Β
732 2592 743 2637 11
766 2594 798 2626 11
822 2600 952 2626 CIVILE
975 2604 1031 2626 om
1055 2600 1088 2626 N
1111 2592 1122 2637 11
1152 2593 1191 2625 12
1216 2601 1329 2637 paene
1354 2594 1431 2625 toto
1456 2589 1542 2624 orbe
1566 2597 1597 2623 N
1623 2589 1634 2635 11
1658 2594 1802 2635 peracto

269 2651 469 2698 scripserim
486 2650 498 2696 11
521 2652 559 2684 13
576 2649 648 2683 illis
677 2648 833 2682 externis
856 2656 889 2681 N
903 2647 914 2693 11
936 2650 975 2681 14
1001 2647 1137 2682 exitum
1163 2646 1183 2680 b
1209 2647 1220 2692 11
1245 2658 1350 2681 suum
1372 2647 1430 2692 Ν11
1451 2649 1491 2680 15
1508 2645 1577 2680 iam
1601 2657 1657 2679 om
1681 2653 1714 2679 N
1729 2646 1740 2690 11
1762 2647 1802 2679 16

271 2708 491 2755 praeluserat
516 2707 712 2740 Gruterus.-
736 2704 976 2748 praecluserat
997 2711 1055 2739 BN
1076 2704 1087 2749 11
1104 2704 1135 2738 si
1151 2715 1207 2737 om
1231 2711 1265 2737 N
1279 2703 1290 2748 11
1308 2702 1434 2737 sillana
1448 2710 1491 2744 Β,
1521 2701 1658 2747 syllana
1680 2709 1711 2735 Ν
1727 2702 1738 2748 11
1760 2705 1799 2736 18

272 2770 460 2809 totumque
476 2761 616 2808 potibat
630 2769 667 2802 Β,
687 2764 804 2794 totum
822 2759 977 2805 denique
994 2771 1065 2805 qua
1081 2759 1228 2805 patebat
1239 2767 1273 2794 N
1287 2759 1298 2805 11
1317 2761 1359 2793 20
1377 2758 1441 2793 sed
1455 2769 1501 2792 ne
1516 2766 1542 2791 B
1559 2758 1570 2803 11
1588 2760 1631 2791 24
1648 2758 1802 2792 romani·

272 2833 341 2868 que
357 2829 382 2855 Β
399 2820 410 2866 11
428 2822 470 2854 25
490 2819 649 2854 delectus
665 2825 690 2851 Β
708 2816 719 2862 11
738 2815 935 2849 deiottarus
959 2823 984 2849 Β
1002 2815 1012 2859 11
1031 2815 1340 2850 tarchondimotus
1365 2825 1408 2848 eo
1433 2813 1530 2848 intus
1555 2825 1677 2848 omnes
1701 2813 1797 2848 trha-

272 2878 346 2912 ciae
362 2885 394 2911 N
408 2877 419 2922 11
439 2878 480 2911 26
498 2872 717 2920 thascypolis
731 2880 768 2914 B,
789 2883 843 2905 om
859 2879 892 2906 N
907 2871 918 2916 11
937 2871 1244 2916 cappadociaeque
1261 2870 1396 2905 ciliciae
1411 2869 1639 2904 macedoniae
1655 2877 1689 2903 N
1703 2871 1714 2915 11
1731 2880 1804 2903 ma-

273 2933 513 2977 cedoniaeque
528 2939 552 2965 B
569 2930 580 2976 11
600 2932 640 2964 27
660 2927 819 2974 graeciae
835 2927 954 2962 italiae
971 2926 1153 2971 totiusque
1169 2935 1202 2960 N
1217 2927 1227 2971 11

1996 1808 2002 1835 *A
1993 1686 2002 1787 ⁴41——
1979 1611 1987 1618 Ι
