2002 3320
542 904 579 944 Ι.
614 904 694 944 DE
716 902 973 946 LEGIBVS
994 902 1407 946 GRACCHANIS.

212 1036 483 1079 Seditionum
502 1037 696 1079 omnium
725 1051 874 1079 causas
904 1036 1134 1078 tribunicia
1161 1043 1349 1090 potestas
1376 1036 1606 1085 excitauit,
1636 1050 1744 1090 quae
1761 1051 1832 1087 111,
1857 1039 1907 1078 13

214 1107 353 1161 specie
369 1107 546 1161 quidem
565 1106 700 1160 plebis
721 1107 907 1147 tuendae
918 1137 932 1155 ,
962 1106 1085 1146 cuius
1104 1106 1151 1146 in
1173 1106 1383 1147 auxilium
1401 1113 1644 1159 comparata
1667 1112 1748 1155 est,

214 1191 259 1218 re
297 1184 444 1218 autem
483 1175 819 1218 dominationem
859 1174 941 1216 sibi
981 1174 1208 1229 adquirens
1225 1206 1238 1224 ,
1281 1174 1475 1216 studium
1512 1175 1661 1229 populi
1701 1190 1749 1216 ac

162 1255 182 1286 5
210 1246 401 1288 fauorem
435 1246 612 1301 agrariis
647 1244 938 1287 frumentariis
959 1244 1192 1287 iudiciariis
1227 1245 1394 1306 legibus
1438 1246 1745 1299 aucupabatur.

212 1315 350 1357 inerat
371 1315 569 1357 omnibus
589 1315 750 1369 species
772 1314 1013 1368 aequitatis.
1047 1314 1152 1368 quid
1182 1321 1273 1355 tam
1301 1314 1465 1356 iustum
1485 1314 1598 1356 enim
1620 1329 1750 1368 quam

211 1384 396 1438 recipere
417 1386 584 1438 plebem
605 1399 683 1425 sua
703 1399 728 1424 a
746 1383 939 1437 patribus
963 1383 1036 1438 [ne
1051 1384 1235 1437 populus
1251 1383 1447 1438 gentium
1462 1384 1601 1425 uictor
1616 1383 1747 1425 orbis·

213 1468 295 1508 que
315 1468 531 1508 possessor
551 1453 728 1494 extorris
757 1452 839 1493 aris
868 1467 916 1492 ac
946 1452 1050 1493 focis
1082 1452 1272 1507 ageretJ?
1302 1453 1407 1506 quid
1441 1460 1529 1494 tam
1564 1467 1746 1506 aequum

213 1538 343 1577 quam
362 1523 535 1578 inopem
554 1523 763 1578 populum
781 1522 929 1563 uiuere
949 1537 1003 1563 ex
1023 1522 1183 1563 aerario
1204 1521 1309 1563 suo?
1338 1522 1442 1576 quid
1462 1524 1516 1564 ad
1535 1523 1602 1563 ius
1623 1523 1747 1563 liber-

144 1601 186 1633 10
215 1592 315 1633 tatis
346 1594 590 1647 aequandae
618 1592 754 1646 magis
783 1593 932 1633 efficax
963 1606 1092 1646 quam
1121 1598 1170 1632 ut
1200 1598 1352 1632 senatu
1381 1599 1555 1646 regente
1574 1592 1748 1645 prouin-

212 1662 299 1703 cias
320 1662 480 1703 ordinis
502 1661 707 1716 equestris
729 1661 958 1702 auctoritas
979 1661 1132 1702 saltem
1160 1660 1416 1701 iudiciorum
1442 1676 1573 1715 regno
1593 1661 1747 1702 nitere-

211 1731 308 1772 tur?
339 1732 414 1772 sed
433 1732 538 1772 haec
558 1731 651 1786 ipsa
669 1731 716 1772 in
736 1730 969 1786 perniciem
989 1729 1210 1779 redibant,
1244 1736 1288 1770 et
1315 1729 1471 1779 misera
1490 1745 1555 1771 res
1575 1731 1749 1785 publica

212 1801 259 1841 in
278 1800 462 1841 exitium
482 1801 550 1842 sui
569 1815 728 1842 merces
749 1808 853 1842 erat.
877 1814 980 1840 nam
995 1806 1038 1840 et
1054 1813 1079 1839 a
1095 1806 1247 1840 senatu
1266 1799 1312 1839 in
1332 1799 1521 1853 equitem
1540 1801 1748 1841 translata

211 1869 468 1911 iudiciorum
495 1876 682 1924 potestas
710 1870 942 1924 uectigalia
969 1869 1015 1909 id
1043 1875 1108 1909 est
1134 1867 1302 1922 imperii
1322 1868 1628 1922 patrimonium
1649 1870 1747 1910 sub—

144 1947 185 1978 15
212 1938 439 1993 primebat,
463 1947 506 1980 et
522 1938 681 1993 emptio
701 1938 904 1980 frumenti
925 1939 1039 1992 ipsos
1059 1937 1120 1978 rei
1138 1937 1334 1991 publicae
1348 1952 1504 1980 neruos
1525 1938 1746 1980 exhaurie-

209 2008 285 2049 bat
305 2007 537 2058 aerarium,
568 2015 611 2049 et
639 2008 784 2049 reduci
814 2009 936 2062 plebs
965 2007 1012 2047 in
1040 2021 1161 2061 agros
1182 2007 1297 2047 unde
1317 2013 1482 2061 poterat
1501 2008 1593 2049 sine
1613 2007 1747 2062 possi-

212 2077 406 2127 dentium
427 2077 672 2126 euersione,
703 2077 778 2131 qui
807 2078 890 2131 ipsi
918 2092 1014 2131 pars
1045 2076 1194 2131 populi
1223 2083 1367 2125 erant,
1402 2084 1445 2117 et
1471 2077 1557 2118 iam
1577 2077 1747 2119 relictas

211 2146 293 2188 sibi
314 2161 339 2188 a
357 2147 589 2188 maioribus
610 2147 729 2188 sedes
751 2153 890 2188 aetate
911 2146 1033 2202 quasi
1053 2146 1146 2188 iure
1166 2145 1471 2200 possidebant?

539 2279 602 2319 II.
637 2278 881 2319 SEDITIO
902 2279 1111 2319 TIBERI
1132 2277 1422 2318 GRACCHI.

143 2396 186 2428 20
216 2388 405 2429 Primam
425 2388 707 2429 certaminum
726 2388 862 2429 facem
878 2388 945 2428 Ti.
966 2389 1186 2431 Gracchus
1203 2388 1412 2438 accendit,
1434 2402 1590 2442 genere
1610 2388 1745 2430 forma
1761 2399 1832 2435 111,
1857 2389 1903 2425 14

214 2457 460 2510 eloquentia
479 2457 604 2498 facile
624 2457 835 2512 princeps.
870 2465 933 2499 set
953 2458 1040 2507 hic,
1064 2457 1155 2499 siue
1177 2457 1479 2498 Mancinianae
1500 2457 1744 2506 deditionis,

215 2526 316 2580 quia
335 2541 511 2580 sponsor
530 2527 708 2568 foederis
725 2527 878 2577 fuerat,
897 2527 1144 2581 contagium
1161 2526 1316 2568 timens
1333 2535 1375 2568 et
1396 2527 1496 2568 inde
1512 2527 1745 2581 popularis,

218 2695 234 2728 1
248 2702 468 2729 cucuma
478 2701 511 2727 N
525 2694 536 2738 11
554 2695 574 2727 3
586 2693 765 2738 speciesn
779 2693 791 2738 11
809 2692 1054 2728 4adfauorem
1063 2701 1098 2728 Ν
1110 2694 1122 2740 11
1140 2697 1160 2728 5
1173 2696 1214 2728 ac
1227 2693 1423 2728 iudiciariis
1433 2701 1459 2727 B
1475 2693 1487 2738 11
1508 2695 1524 2726 7
1535 2692 1676 2738 plebem
1693 2693 1749 2725 ius

217 2748 323 2783 suum
338 2761 361 2784 a
374 2757 408 2784 N
422 2750 433 2794 11
451 2751 472 2783 8
490 2760 512 2783 a
525 2748 615 2782 focis
631 2756 657 2782 Β
674 2749 685 2794 11
703 2751 724 2783 9
742 2748 831 2794 quid
847 2748 960 2782 satius
975 2748 1152 2782 libertatis
1166 2756 1193 2782 Β
1209 2749 1221 2795 Ι
1250 2750 1288 2782 11
1318 2754 1502 2794 equestres
1517 2757 1543 2782 Β
1560 2748 1571 2792 11
1590 2752 1751 2781 uteretur

215 2811 242 2837 Β
257 2803 270 2848 11
290 2806 331 2838 12
355 2805 544 2840 rediebant
566 2812 601 2839 Ν
622 2805 634 2850 11
663 2807 703 2838 13
728 2803 878 2838 exilium
900 2812 926 2838 Β
942 2804 955 2849 11
972 2815 1078 2838 suum
1099 2812 1131 2838 Ν
1146 2805 1158 2849 11
1179 2806 1220 2838 15
1245 2804 1454 2838 exauriebat
1473 2811 1533 2837 ΒΝ
1547 2804 1557 2846 11
1579 2805 1619 2835 16
1643 2806 1679 2835 et
1695 2813 1748 2834 om

215 2858 334 2903 Ν1117
354 2866 391 2894 et
405 2860 477 2894 iam
491 2860 640 2904 εον-ὀρθὴ·
657 2865 695 2894 et
710 2864 784 2893 tam
799 2867 837 2900 Β,
855 2864 893 2894 et
907 2860 1096 2905 tameanl
1118 2862 1157 2894 18
1174 2872 1265 2894 acm
1281 2867 1306 2893 Β
1324 2859 1335 2903 11
1353 2870 1442 2903 quas
1457 2866 1484 2892 Β
1501 2859 1512 2902 11
1534 2860 1574 2890 19
1591 2864 1749 2891 TYBERII

218 2921 244 2947 Β
261 2914 272 2957 11
291 2922 459 2949 GRAchJ
474 2923 507 2959 Ν
521 2915 533 2959 11
551 2917 594 2949 20
607 2926 731 2961 pacem
746 2923 772 2948 B
790 2915 801 2960 11
818 2915 873 2949 Ti.
892 2915 1138 2950 addedduett:
1155 2926 1211 2949 om
1226 2922 1286 2948 ΒΝ
1299 2914 1310 2958 11
1328 2915 1367 2947 21
1388 2912 1576 2947 seditionis
1594 2922 1664 2956 qua
1679 2919 1705 2945 Β
1722 2911 1733 2956 11

22 3149 38 3320 *un-*³⁴7⁴
10 3120 27 3131 ἶ
