2002 3320
324 251 402 291 108
971 267 1063 294 IVLI
1084 266 1215 296 FLORI

611 410 765 452 XVII.
799 409 1043 452 BELLVM
1064 410 1231 452 CASSI
1253 411 1329 452 ET
1350 413 1554 454 BRVTI.

168 568 254 603 1111,
277 555 300 593 7
318 559 477 595 Brutus
500 562 542 595 et
562 555 734 596 Cassius
756 554 814 595 sic
836 555 1059 595 Caesarem
1089 552 1210 608 quasi
1238 554 1519 608 Tarquinium
1547 570 1691 610 regem
1717 558 1848 611 depu-

323 625 421 665 lisse
441 639 571 677 regno
592 624 848 664 uidebantur
860 655 872 672 ,
897 630 960 664 set
979 624 1235 672 libertatem,
1260 638 1387 677 quam
1405 625 1590 666 maxime
1610 627 1851 667 restitutam

323 694 566 742 uoluerunt,
590 693 664 734 illo
685 694 776 747 ipso
799 693 1023 747 parricidio
1047 692 1335 746 perdiderunt.
1369 694 1500 748 igitur
1519 696 1646 735 caede
1665 696 1852 749 perfecta

325 779 421 804 cum
441 770 664 804 ueteranos
687 763 901 811 Caesaris,
933 777 1012 802 nec
1033 762 1255 811 inmerito,
1279 762 1503 812 timerent,
1527 763 1672 804 statim
1691 779 1714 805 e
1734 765 1851 806 curia
1878 774 1898 804 5

323 834 369 874 in
391 832 653 886 Capitolium
673 833 966 886 confugerant.
1000 846 1079 871 nec
1099 831 1184 872 illis
1201 833 1256 873 ad
1270 832 1480 873 ultionem
1500 834 1644 873 deerat
1664 834 1849 883 animus,

326 904 398 943 scd
420 904 572 942 ducem
591 903 783 942 nondum
802 902 1030 942 habebant.
1087 901 1219 954 igitur
1239 916 1337 942 cum
1358 908 1599 956 appareret,
1623 916 1730 956 quae
1750 904 1852 944 stra—

325 986 398 1025 ges
418 971 479 1012 rei
498 971 692 1025 publicae
711 970 961 1019 inmineret,
985 970 1201 1023 displicuit
1222 971 1345 1020 ultio,
1369 986 1469 1011 cum
1489 972 1636 1012 caedes
1657 972 1852 1026 inproba-

326 1047 456 1081 retur.
499 1040 631 1094 igitur
665 1040 881 1082 Ciceronis
916 1039 1102 1080 consiliis
1139 1040 1367 1081 abolitione
1403 1042 1595 1090 decreta,
1626 1055 1681 1081 ne
1711 1048 1855 1081 tamen

325 1109 486 1163 publici
507 1110 661 1151 doloris
682 1111 824 1150 oculos
854 1108 1049 1158 ferirent,
1082 1109 1129 1149 in
1155 1109 1396 1162 prouincias
1424 1110 1476 1149 ab
1505 1109 1580 1150 illo
1607 1109 1700 1163 ipso
1727 1123 1853 1163 quem
1882 1115 1924 1149 10

327 1179 567 1220 occiderant
587 1180 765 1220 Caesare
786 1180 930 1226 datas,
966 1178 1133 1231 Syriam
1153 1185 1195 1218 et
1216 1178 1513 1219 Macedoniam
1542 1185 1850 1219 concesserant.

328 1248 386 1289 sic
407 1248 598 1288 uindicta
618 1247 808 1289 Caesaris
830 1247 960 1287 dilata
981 1247 1123 1300 potius
1144 1262 1272 1301 quam
1292 1261 1489 1301 oppressa
1509 1254 1586 1288 est.

441 1317 581 1371 Igitur
600 1317 687 1357 iam
707 1317 900 1356 ordinata
919 1316 1055 1369 magis
1076 1323 1124 1356 ut
1143 1323 1307 1370 poterat
1328 1331 1456 1370 quam
1475 1323 1524 1356 ut
1544 1317 1724 1357 debebat
1743 1316 1855 1357 inter

328 1386 571 1427 triumuiros
592 1400 636 1427 re
655 1385 827 1439 publica
841 1416 853 1433 ,
884 1385 1031 1425 relicto
1053 1386 1106 1426 ad
1125 1385 1240 1426 urbis
1260 1384 1518 1439 praesidium
1537 1386 1698 1439 Lepido
1711 1417 1724 1435 ,
1748 1386 1852 1426 Cae-

330 1471 396 1496 sar
416 1469 514 1495 cum
533 1454 724 1495 Antonio
744 1454 790 1494 in
811 1454 1008 1494 Cassium
1037 1457 1304 1508 Brutumque
1334 1454 1607 1508 succingitur.
1651 1454 1716 1494 illi
1744 1469 1855 1495 com·
1884 1461 1926 1494 15

328 1524 487 1578 paratis
508 1524 755 1578 ingentibus
776 1523 908 1577 copiis
929 1525 1108 1564 eandem
1127 1524 1273 1573 illam,
1297 1538 1403 1578 quae
1423 1523 1565 1564 fatalis
1586 1524 1709 1564 Gneo
1730 1525 1856 1565 Pom-

329 1594 425 1647 peio
445 1593 543 1642 fuit,
567 1593 770 1633 harenam
789 1593 1048 1634 insederant.
1085 1595 1158 1634 sed
1185 1609 1264 1634 nec
1285 1601 1377 1634 tum
1396 1593 1653 1633 inminentia
1672 1593 1855 1634 destina-

330 1670 398 1704 tae
419 1662 550 1703 cladis
571 1663 802 1703 latuerunt.
836 1677 937 1702 nam
958 1669 1000 1703 et
1030 1663 1163 1717 signis
1193 1663 1351 1704 insedit
1379 1677 1559 1702 examen
1586 1669 1629 1703 et
1657 1663 1857 1703 adsuetae

330 1733 586 1772 cadauerum
620 1732 776 1785 pabulo
811 1732 1004 1773 uolucres
1041 1739 1177 1773 castra
1211 1732 1331 1787 quasi
1360 1731 1446 1771 iam
1475 1746 1552 1772 sua
1581 1731 1856 1772 circumuola-

329 1803 458 1849 bant,
496 1808 538 1840 et
566 1800 612 1842 in
643 1801 777 1842 aciem
796 1802 1104 1855 prodeuntibus
1132 1802 1283 1843 obuius
1312 1800 1519 1854 Aethiops
1556 1800 1685 1842 nimis
1713 1807 1856 1855 aperte
1884 1809 1928 1842 20

330 1870 459 1911 ferale
481 1870 650 1923 signum
669 1870 766 1910 fuit.
790 1870 955 1924 ipsique
975 1873 1109 1912 Bruto
1129 1886 1203 1926 per
1222 1877 1408 1919 noctem,
1433 1885 1531 1910 cum
1546 1870 1681 1911 inlato
1696 1870 1858 1911 lumine

332 1953 385 1979 ex
405 1953 520 1978 more
542 1938 684 1991 aliqua
703 1953 847 1979 secum
868 1940 1071 1993 agitaret,
1106 1947 1195 1981 atra
1224 1941 1431 1994 quaedam
1460 1939 1602 1993 imago
1632 1954 1675 1980 se
1705 1939 1860 1981 obtulit

333 2014 390 2056 et,
414 2021 521 2060 quae
543 2014 654 2047 esset
672 2007 954 2061 interrogata,
981 2004 1112 2050 ‘tuus'
1142 2010 1283 2063 inquit
1305 2007 1461 2050 ‘malus
1490 2009 1642 2062 genius
1652 2003 1680 2058 ,³
1711 2023 1759 2049 ac
1779 2009 1858 2050 sub

333 2076 465 2117 oculis
495 2075 689 2116 mirantis
719 2077 909 2117 euanuit.
949 2077 1040 2130 pari
1069 2077 1116 2117 in.
1143 2078 1317 2118 meliora
1346 2077 1564 2131 praesagio
1594 2077 1640 2117 in
1668 2077 1859 2118 Caesaris

333 2145 478 2189 castris
500 2144 641 2185 omnia
661 2159 760 2186 aues
782 2145 1063 2199 uictimaeque
1083 2145 1375 2199 promiserant.
1409 2146 1483 2186 sed
1505 2145 1616 2185 nihil
1643 2145 1717 2186 illo
1742 2159 1860 2200 prae·
1886 2153 1929 2186 25

333 2213 532 2262 stantius,
551 2214 664 2266 quod
676 2214 865 2254 Caesaris
876 2215 1071 2265 jmedicus
1092 2214 1255 2256 somnio
1276 2214 1516 2255 admonitus
1537 2221 1616 2263 est,
1638 2220 1688 2255 ut
1707 2214 1861 2256 Caesar

334 2283 482 2324 castris
503 2284 745 2332 excederet,
769 2283 922 2336 quibus
953 2284 1047 2338 capi
1074 2283 1348 2332 imminebat3
1382 2290 1431 2324 ut
1459 2283 1620 2323 factum
1649 2290 1727 2324 est.
1771 2283 1860 2324 acie

332 2367 515 2406 namque
524 2351 746 2394 commissa
756 2367 853 2393 cum
861 2352 953 2406 pari
971 2354 1114 2393 ardore
1126 2351 1373 2405 aliquandiu
1393 2351 1642 2393 dimicatum
1661 2352 1783 2400 foret,
1798 2359 1856 2402 et,

338 2588 356 2619 2
375 2596 411 2629 g.
431 2595 606 2618 caesarem
621 2593 655 2618 N
669 2584 680 2629 ΙΙ
698 2585 894 2630 depulisset
908 2594 934 2621 Β
952 2586 962 2631 ΙΙ
980 2588 999 2619 3
1018 2586 1208 2620 uidebatur
1222 2594 1248 2620 Β
1265 2585 1277 2631 ΙΙ
1295 2585 1347 2619 sel
1370 2585 1390 2619 b
1402 2611 1410 2626 ,
1440 2585 1504 2618 sed
1518 2592 1577 2618 BN
1589 2584 1602 2629 ΙΙ
1621 2587 1639 2619 5
1656 2595 1676 2618 e
1692 2594 1747 2618 om
1762 2590 1796 2617 N
1809 2583 1822 2628 ΙΙ
1841 2585 1858 2616 7

336 2644 521 2685 appereret
536 2648 568 2673 Ν
583 2639 594 2685 ΙΙ
624 2641 643 2672 8
661 2651 742 2673 cum
767 2641 923 2675 consulis
939 2641 1136 2676 abolicione
1153 2650 1183 2675 N
1200 2641 1211 2687 {l
1233 2643 1271 2675 10
1290 2645 1451 2686 sperrent
1473 2648 1506 2674 N
1520 2640 1531 2685 ΙΙ
1553 2641 1591 2674 13
1617 2639 1687 2673 iam
1710 2650 1765 2672 om
1787 2645 1821 2672 N
1834 2637 1847 2683 ΙΙ

338 2706 444 2740 quam
460 2695 608 2729 uidebat
622 2695 659 2728 in
676 2695 883 2730 triumuiros
899 2708 954 2730 res
971 2697 1115 2741 publica
1130 2705 1163 2730 N
1178 2697 1189 2742 fl
1210 2698 1248 2729 17
1275 2707 1340 2729 nee
1366 2700 1422 2729 tot
1443 2703 1469 2729 B
1487 2695 1498 2740 ΙΙ
1520 2697 1559 2728 18
1577 2693 1686 2728 cladis
1704 2692 1859 2726 destina-

337 2755 394 2784 tae
412 2750 514 2795 signa
530 2750 712 2784 latuerunt
727 2758 760 2784 N
774 2750 785 2795 Η
804 2755 840 2784 et
856 2771 900 2776 —
917 2763 1065 2786 examen
1090 2764 1145 2785 om
1167 2760 1197 2786 N
1214 2751 1226 2796 ΙΙ
1247 2753 1287 2784 19
1312 2755 1426 2784 castra
1449 2762 1504 2784 om
1529 2757 1554 2783 Β
1571 2749 1583 2794 [Ι
1602 2752 1643 2784 20
1670 2753 1707 2783 et
1729 2761 1785 2782 om
1800 2756 1833 2783 N
1847 2748 1859 2794 ss

337 2806 442 2840 ouius
458 2813 491 2839 N
505 2806 516 2851 Η
534 2805 698 2851 aethiope
713 2814 738 2839 B
756 2805 767 2850 ΙΙ
786 2808 827 2839 22
845 2807 978 2850 optulit
992 2815 1025 2840 N
1039 2807 1050 2851 Η
1069 2809 1110 2840 23
1129 2818 1199 2851 qua
1222 2815 1246 2840 Β
1265 2806 1276 2850 ΙΙ
1294 2805 1420 2850 inquid
1444 2813 1470 2839 Β
1486 2804 1498 2850 [Ι
1515 2816 1555 2838 ac
1572 2804 1639 2838 sub
1655 2803 1860 2849 Hauptius:

337 2862 404 2895 hoc
421 2862 487 2896 sub
503 2870 528 2895 B
539 2887 547 2903 ,
567 2862 635 2895 hoc
652 2865 689 2895 et
704 2861 771 2895 sub
787 2868 820 2895 N
834 2861 845 2906 ΙΙ
863 2863 906 2894 24
923 2861 1091 2894 mirantes
1110 2861 1128 2894 b
1146 2861 1157 2905 ΙΙ
1175 2860 1360 2905 praesagia
1377 2860 1396 2893 b
1413 2860 1425 2905 Η
1442 2861 1483 2894 25
1501 2859 1724 2905 praesentius
1739 2867 1773 2894 N
1786 2859 1798 2904 ss
1817 2860 1859 2893 26

338 2917 482 2951 omnino
499 2925 532 2951 N
547 2917 557 2963 ΙΙ
575 2922 630 2951 est
645 2916 715 2950 add
731 2930 774 2957 ς.·
798 2928 853 2950 om
869 2923 926 2949 ΒΝ
940 2915 951 2961 ΙΙ
971 2918 1011 2949 28
1030 2920 1065 2949 et
1081 2917 1151 2949 add
1168 2928 1209 2956 3³
1228 2928 1282 2949 om
1298 2923 1355 2950 ΒΝ
1370 2916 1381 2960 ss
