2002 3320
153 656 172 687 5

137 1005 178 1037 10

140 1356 181 1388 15

141 1707 184 1739 20

143 2059 186 2092 25

627 264 823 292 ΕΡιΤοΜΑ
844 263 897 300 11,
921 258 956 290 6.
983 260 1000 290 7
1026 250 1116 305 [111‚
1143 255 1198 290 18.
1227 252 1303 308 19].
1695 253 1750 294 85

204 379 296 407 mas
315 364 445 405 iactat
457 394 470 413 ‚
493 364 547 404 ad
567 363 809 404 libertatem
829 370 871 404 et
891 377 1009 404 arma
1029 378 1173 405 seruos
1203 362 1325 418 quasi
1356 363 1586 406 numinum
1615 364 1748 419 impe-

203 435 266 476 rio
286 433 519 476 concitauit
531 450 544 482 ;
577 433 706 488 idque
727 440 777 474 ut
805 433 1017 475 diuinitus
1046 433 1139 475 fieri
1167 434 1366 489 probaret
1379 466 1392 484 ,
1425 433 1472 475 in
1501 443 1573 476 o're
1604 435 1750 477 abdita

203 518 313 546 nuce
342 518 471 558 quam
492 504 666 558 sulpure
693 510 735 544 et
751 503 844 559 igni
860 503 1110 559 sfipauerat,
1133 504 1287 545 leniter
1303 504 1516 558 inspirans
1532 505 1750 547 flammam

200 576 312 616 inter
330 575 463 616 uerba
483 574 705 615 fundebat.
731 574 812 615 hoc
832 574 1090 616 miraculum
1110 574 1248 630 primo
1265 576 1351 615 duo
1371 573 1493 615 milia
1513 589 1568 615 ex
1589 575 1746 626 obuiis,

203 660 304 687 mox
323 645 415 686 iure
434 644 539 685 belli
559 644 749 686 refractis
770 644 996 699 ergastulis
1013 644 1239 699 sexaginta
1254 643 1438 699 amplius
1459 644 1631 686 milium
1651 646 1751 687 fecit

204 715 439 758 exercitum
451 732 462 764 ;
487 715 684 770 regisque
698 747 711 764 ,
733 730 789 757 ne
809 714 914 770 quid
932 715 1037 756 mali
1058 716 1239 764 deesset,
1263 715 1487 756 decoratus
1508 715 1751 770 insignibus

202 786 377 828 castella
396 785 514 826 uicos
537 785 693 840 oppida
712 785 946 827 miserabili
968 776 1208 840 direptione
1229 784 1435 826 uastauit.
1479 785 1610 840 quid?
1640 785 1751 827 illud

203 870 371 911 quoque
393 855 599 897 ultimum
627 857 810 898 dedecus
841 855 961 906 belli,
992 862 1118 910 capta
1138 863 1242 897 sunt
1267 861 1407 896 castra
1427 862 1672 909 praetorum
1698 881 1749 886 -—

204 942 284 968 nec
319 926 541 974 nominare
576 925 691 980 ipsos
733 925 911 981 pudebit
924 957 938 975 ‚
979 933 1120 967 castra
1160 925 1318 967 Manlii
1355 926 1544 976 Lentuli,
1576 926 1749 968 Pisonis

210 995 419 1052 Hypsaei.
454 995 598 1050 itaque
627 995 702 1050 qui
728 1010 804 1050 per
831 995 1102 1050 fugitiuarios
1133 996 1324 1038 abstrahi
1352 996 1603 1038 debuissent
1632 1011 1751 1051 prae-

206 1067 334 1108 torios
356 1068 486 1108 duces
507 1066 710 1120 profugos
731 1066 893 1120 proelio
909 1065 994 1120 ipsi
1010 1067 1313 1120 sequebantur.
1341 1067 1517 1107 tandem
1536 1067 1754 1121 Perperna

206 1137 457 1192 imperatore
480 1135 743 1190 supplicium
763 1137 815 1177 de
834 1136 895 1178 eis
925 1143 1149 1190 sumptum
1180 1144 1259 1178 est.
1301 1135 1374 1177 hic
1403 1135 1520 1177 enim
1551 1137 1689 1179 uictos
1711 1144 1754 1179 et

207 1214 311 1262 aput
341 1208 549 1248 Hennam
579 1205 813 1248 nouissime
843 1207 1036 1248 obsessos
1073 1222 1174 1248 cum
1211 1206 1323 1248 fame
1353 1207 1476 1262 quasi
1510 1207 1756 1262 pestilentia

207 1277 539 1332 consumpsisset
552 1309 564 1326 ,
596 1276 797 1331 reliquias
818 1277 1034 1318 latronum
1057 1277 1332 1332 compedibus
1354 1277 1516 1319 catenis
1538 1278 1754 1320 crucibus—

209 1362 290 1402 que
310 1347 484 1402 puniuit
498 1364 510 1397 3
530 1347 697 1401 fuitque
718 1348 770 1388 de
791 1348 923 1389 seruis
945 1347 1146 1389 ouatione
1162 1354 1406 1398 contentus,
1430 1363 1485 1389 ne
1501 1348 1757 1403 dignitatem

209 1417 417 1471 triumphi
438 1416 584 1458 seruili
603 1417 880 1471 inscriptione
901 1417 1095 1460 uiolaret.

323 1487 516 1529 Vixdum
536 1487 820 1542 respirauerat
840 1488 998 1538 insula,
1022 1503 1121 1530 cum
1142 1487 1290 1530 statim
1311 1487 1495 1530 Seruilio
1516 1496 1711 1543 praetore
1732 1503 1758 1529 a

212 1558 319 1613 Syro
338 1558 502 1599 reditur
522 1558 576 1598 ad
597 1557 792 1599 Cilicem.
825 1558 1015 1599 Athenio
1035 1565 1180 1612 pastor
1196 1557 1420 1600 interfecto
1438 1559 1613 1600 domino
1632 1559 1754 1600 fami-

210 1628 314 1670 liam
334 1629 549 1683 ergastulo
569 1628 794 1670 liberatam
814 1629 893 1669 sub
915 1628 1049 1683 signis
1071 1628 1254 1669 ordinat.
1288 1628 1379 1683 ipse
1400 1636 1521 1670 ueste
1541 1643 1757 1683 purpurea

213 1705 498 1753 argenteoque
532 1699 687 1740 baculo
722 1705 766 1740 et
800 1698 966 1753 regium
996 1698 1043 1739 in
1073 1713 1235 1740 morem
1265 1699 1404 1740 fronte
1440 1698 1641 1740 redimita
1668 1713 1757 1739 non

211 1768 420 1810 minorem
440 1783 570 1823 quam
589 1769 663 1810 ille
683 1768 897 1810 fanaticus
918 1769 1032 1823 prior
1062 1769 1270 1811 conflauit
1302 1769 1540 1810 exercitum
1552 1800 1564 1819 ,
1599 1768 1756 1815 acrius-

211 1854 293 1893 que
314 1839 451 1880 multo
463 1871 476 1889 ,
500 1839 621 1894 quasi
641 1846 684 1881 et
704 1839 830 1880 illum
850 1838 1090 1880 uindicaret
1102 1871 1115 1889 ,
1139 1838 1256 1881 uicos
1279 1839 1437 1894 oppida
1456 1839 1633 1881 castella
1653 1839 1753 1880 diri-

212 1909 350 1964 piens,
373 1909 419 1950 111
435 1910 646 1959 dominos,
671 1923 933 1964 quamquam
957 1909 1004 1950 in
1028 1924 1173 1951 seruos
1194 1909 1392 1952 infestius
1413 1909 1537 1964 quasi
1556 1909 1603 1950 in
1625 1916 1759 1951 trans-

214 1980 339 2035 fugas
370 1980 602 2022 saeuiebat.
652 1980 705 2021 ab
734 1979 815 2020 hoc
844 1993 1012 2034 quoque
1032 1979 1232 2034 praetorii
1254 1980 1468 2022 exercitus
1489 1980 1599 2030 fusi,
1638 1987 1762 2034 capta

215 2050 373 2092 Seruili
403 2058 564 2101 castra,
602 2057 729 2105 capta
757 2049 945 2091 Luculli.
994 2050 1069 2090 sed
1109 2048 1233 2091 Titus
1272 2050 1474 2105 Aquilius
1520 2051 1759 2105 Perpernae

214 2111 318 2163 usus
353 2121 574 2175 exemplo,
610 2120 894 2162 interclusum
928 2119 1097 2161 hostem
1131 2121 1440 2162 commeatibus
1477 2121 1532 2161 ad
1567 2127 1761 2160 extrema

213 2191 406 2245 conpulit
426 2190 795 2244 comminutasque
816 2189 958 2244 copias
979 2190 1091 2230 fame
1113 2190 1239 2230 armis
1270 2190 1394 2230 facile
1424 2188 1609 2237 deleuit;
1643 2188 1759 2229 dedi-

214 2260 461 2314 dissentque
482 2275 544 2310 se,
566 2259 651 2300 nisi
662 2258 971 2312 suppliciorum
988 2266 1109 2300 metu
1132 2259 1419 2300 uoluntariam
1441 2265 1621 2300 mortem
1641 2273 1758 2312 prae—

225 2408 236 2439 l
258 2406 394 2440 iactant
409 2414 435 2440 B
452 2405 463 2451 11
482 2408 502 2440 2
520 2405 629 2451 idque
645 2405 692 2440 ad
708 2405 885 2440 diuinitus
901 2414 927 2440 Β
944 2406 955 2451 ΙΙ
974 2417 1034 2440 ore
1051 2405 1097 2440 ad
1114 2418 1220 2452 quam
1237 2406 1410 2451 sulphure
1426 2414 1451 2439 Β
1469 2406 1480 2450 fl
1501 2407 1520 2439 3
1538 2405 1761 2450 stipauerant

218 2470 243 2497 B
260 2462 272 2508 ῘΙ
289 2462 419 2497 leniter
437 2474 479 2503 3.-
498 2461 628 2496 leuiter
642 2470 701 2496 ΒΝ
715 2462 726 2508 ΙΙ
745 2465 763 2496 4
782 2474 827 2497 ex
845 2462 963 2497 obuiis
982 2475 1004 2503 ς
1016 2475 1027 2495 .·
1044 2473 1089 2496 ex
1107 2462 1225 2497 obulis
1240 2471 1281 2504 N,
1302 2475 1356 2496 om
1373 2471 1399 2496 Β
1417 2461 1428 2508 ΙΙ
1448 2464 1467 2495 6
1484 2461 1666 2507 regiisque
1683 2469 1715 2494 N
1730 2460 1742 2506 11

217 2530 282 2553 nec
298 2527 324 2553 Β
341 2519 352 2564 ΙΙ
370 2518 473 2553 malis
488 2526 522 2552 N
535 2518 547 2564 ss
567 2521 585 2552 7
604 2518 692 2564 quin
706 2527 741 2553 N
755 2519 766 2564 ΙΙ
784 2519 867 2553 111111
883 2527 915 2553 N
929 2518 940 2564 ΙΙ
959 2520 979 2552 8
998 2530 1142 2564 quoque
1162 2518 1200 2552 in
1218 2517 1385 2552 ultimum
1401 2517 1489 2552 belli
1506 2517 1664 2552 dedecus
1681 2525 1715 2551 N
1729 2517 1740 2558 ΙΙ

219 2575 328 2610 decus
344 2583 370 2610 Β
387 2575 398 2620 ss
417 2578 437 2609 9
454 2574 579 2609 manili
594 2582 628 2608 N
641 2575 653 2620 11
671 2574 828 2620 pisconis
843 2582 876 2609 N
891 2575 902 2620 ss
923 2578 963 2609 10
982 2575 1057 2620 ipse
1073 2583 1098 2608 Β
1116 2575 1127 2620 u
1145 2574 1254 2620 quipe
1266 2582 1300 2610 Ν
1314 2575 1325 2620 ΙΙ
1342 2574 1540 2620 fugituario
1556 2583 1582 2609 B
1599 2574 1611 2620 ΙΙ
1629 2574 1762 2609 abstrai

219 2640 244 2666 B
260 2631 272 2678 ss
290 2631 441 2667 distrahi
456 2639 489 2666 N
503 2631 515 2675 ΙΙ
537 2634 570 2665 11
593 2630 811 2676 sequebatur
825 2638 851 2664 Β
868 2630 879 2676 ΙΙ
901 2633 940 2666 12
960 2631 1190 2679 imperatores
1205 2639 1231 2666 Β
1249 2631 1261 2677 ΙΙ
1278 2630 1334 2665 his
1351 2639 1375 2665 Β
1393 2632 1404 2677 11
1432 2631 1533 2666 uicos
1548 2639 1575 2665 Β
1592 2631 1604 2676 ΙΙ
1625 2630 1760 2664 13ben—

219 2697 335 2724 namB
353 2688 364 2734 ΙΙ
386 2691 425 2723 14
437 2687 776 2734 consumpsissentB
793 2686 805 2732 ΙΙ
823 2687 958 2722 catenis
966 2686 1421 2734 religauitcrucibusqueN
1434 2688 1446 2733 ΙΙ
1467 2690 1508 2721 15
1519 2685 1716 2721 orationeB
1733 2683 1745 2729 ΙΙ

225 2747 263 2778 17
277 2745 431 2780 Seruilio
447 2749 609 2791 praetore
625 2743 882 2778 Mommsenius
893 2757 906 2777 .-
932 2743 1062 2779 seruile
1079 2749 1116 2779 et
1130 2753 1167 2787 Β,
1187 2743 1283 2780 serui
1299 2748 1336 2779 et
1351 2751 1384 2778 Ν
1399 2744 1409 2788 ΙΙ
1431 2746 1472 2777 19
1498 2751 1675 2787 purporea
1690 2747 1715 2772 Β
1733 2741 1744 2784 [ξ

222 2803 264 2834 20
280 2813 378 2836 more
394 2810 420 2836 Β
437 2802 447 2848 ΙΙ
467 2803 506 2836 21
527 2800 658 2836 conflat
672 2808 706 2835 N
720 2800 732 2846 [l
751 2802 792 2835 23
811 2811 1028 2847 quamquam
1044 2800 1174 2847 scripsi
1183 2815 1191 2835 ε
1219 2811 1326 2847 quam
1342 2808 1385 2840 Β,
1406 2810 1461 2832 om
1477 2805 1511 2831 N
1525 2798 1537 2842 ΙΙ
1556 2799 1597 2830 2⁴
1615 2795 1661 2829 ab
1677 2795 1761 2829 hoc-

221 2867 291 2902 que
314 2857 488 2902 praetoris
504 2866 535 2892 Ν
551 2858 563 2903 11
581 2856 675 2892 caesi
691 2865 724 2891 N
738 2857 750 2903 ss
769 2859 812 2891 25
829 2856 943 2891 luculi
957 2857 1016 2902 Nss
1034 2857 1124 2892 titus
1148 2869 1204 2891 om
1229 2864 1263 2891 N
1286 2855 1297 2900 ΙΙ
1324 2857 1366 2888 26
1394 2853 1615 2887 comeatibus
1630 2860 1656 2886 Β
1680 2852 1691 2897 ΙΙ
1718 2854 1760 2886 27

222 2912 527 2948 comminutasuae
541 2922 579 2956 Β,
599 2913 909 2959 communitasque
924 2921 957 2948 N
971 2913 983 2960 n
1001 2913 1107 2948 armis
1123 2913 1216 2948 fame
1233 2920 1263 2946 N
1280 2911 1291 2956 ἢ
1310 2909 1566 2954 dedissentque
1582 2919 1620 2942 se
1636 2915 1661 2942 Β
1672 2934 1681 2950 ,
1702 2907 1762 2942 de-

223 2968 400 3003 didissent
426 2980 463 3003 se
487 2970 546 3015 ΝΙΙ
563 2975 662 3004 metu
688 2982 728 3005 ac
754 2970 996 3005 uoluntariam
1013 2977 1044 3003 N
1060 2970 1071 3013 ἓΙ
