2002 3320
746 991 1206 1046 PRAEFATIO.

194 1215 322 1259 Quod
360 1215 512 1256 Florus
541 1230 567 1256 a
595 1230 664 1256 me
704 1214 846 1256 editur
874 1214 1001 1268 longe
1030 1220 1223 1255 mutatus
1255 1213 1307 1254 ab
1349 1212 1425 1254 illo
1449 1213 1587 1267 qualis
1616 1213 1749 1267 uulgo

193 1283 439 1339 legebatur,
476 1285 522 1327 id
556 1286 753 1328 fortunae
793 1285 979 1340 quodam
1007 1298 1111 1326 casu
1145 1291 1189 1325 et
1223 1283 1483 1338 optimorum
1517 1283 1751 1326 amicorum

192 1354 339 1396 fauore
368 1355 568 1398 effectum
595 1363 674 1399 est.
716 1355 931 1410 equidem,
963 1354 1037 1410 qui
1057 1369 1084 1396 a
1112 1354 1392 1396 Lachmanno
1419 1354 1525 1396 olim
1558 1355 1749 1397 monitus

194 1425 399 1467 memoria
419 1427 620 1468 tenebam
647 1426 696 1467 in
721 1425 984 1467 bibliotheca
1021 1425 1328 1480 Bambergensi
1365 1425 1557 1467 codicem
1591 1426 1751 1468 seruari

195 1494 319 1537 cuius
339 1510 419 1551 ope
439 1497 591 1538 Florus
612 1496 840 1552 insigniter
859 1495 1078 1537 emendari
1097 1503 1265 1550 posset,
1288 1510 1388 1537 cum
1406 1496 1626 1551 praeteriti
1646 1497 1750 1538 anni

196 1572 358 1607 aestate
385 1565 554 1610 itineris
583 1566 845 1621 suscipiendi
872 1565 1102 1608 consilium
1135 1566 1342 1621 agitarem
1356 1598 1371 1616 ,
1408 1566 1525 1608 hunc
1561 1567 1752 1609 codicem

195 1635 434 1678 accuratius
455 1636 699 1678 examinare
718 1651 1036 1692 proposueram.
1089 1638 1164 1678 sed
1190 1643 1418 1691 postquam
1445 1652 1621 1687 causae,
1645 1653 1753 1692 quae

196 1713 318 1748 extra
346 1721 415 1748 me
449 1707 614 1762 positae
647 1714 795 1757 erant,
827 1713 931 1748 tunc
966 1706 1141 1761 quidem
1174 1706 1256 1748 iter
1283 1706 1395 1748 illud
1422 1695 1750 1762 prohibuerunt,

196 1791 368 1818 omnem
395 1778 449 1819 de
476 1778 603 1820 Floro
632 1771 938 1833 cogitationem
966 1776 1159 1832 deposui.
1203 1791 1300 1818 ecce
1329 1785 1549 1819 conuentu
1567 1778 1750 1832 philolo-

194 1861 348 1902 gorum
389 1848 648 1903 Erlangensi
682 1848 879 1890 absoluto
914 1848 1093 1890 Carolus
1138 1847 1343 1889 Halmius
1387 1847 1546 1890 amicos
1581 1848 1752 1891 uisurus

196 1917 390 1972 Lipsiam
407 1918 545 1960 uenit.
569 1918 682 1960 inter
702 1918 844 1960 uarios
864 1919 917 1960 de
937 1919 1065 1960 rebus
1092 1918 1250 1960 nostris
1266 1933 1481 1960 sermones
1502 1934 1602 1960 cum
1623 1920 1754 1962 etiam

195 1987 480 2030 bibliothecae
491 1989 821 2044 Bambergensis
831 1989 1174 2031 meminissemus
1186 1994 1230 2030 et
1241 2003 1320 2043 ego
1331 1989 1384 2030 de
1404 1989 1549 2031 codice
1569 1992 1754 2044 quodam

197 2058 320 2101 Sexti
331 2059 436 2101 Rufi
447 2059 624 2114 antiquo
634 2059 958 2114 quaesiuissem,
980 2059 1053 2100 ille
1070 2054 1206 2101 ‘hunc
1217 2054 1403 2119 quidem'
1425 2058 1486 2100 ait
1500 2055 1754 2103 ‘monstrare

197 2129 278 2172 tibi
296 2144 500 2184 possum,
537 2144 641 2172 nam
668 2145 839 2172 mecum
868 2124 1117 2185 asportaui.’
1161 2130 1309 2184 paullo
1329 2136 1427 2184 post
1447 2130 1564 2172 Flori
1584 2146 1752 2186 quoque

197 2200 460 2242 mentionem
493 2201 637 2243 inieci.
687 2208 783 2243 tum
816 2215 919 2242 uero
953 2200 1026 2242 ille
1067 2200 1211 2242 ridens
1241 2196 1391 2242 ‘etiam
1424 2200 1554 2242 huius
1583 2196 1753 2242 codicis'

198 2270 340 2325 inquit
362 2266 632 2313 ‘facultatem
651 2271 732 2312 tibi
751 2265 991 2326 praebebo’,
1023 2278 1067 2312 et
1096 2277 1147 2312 ut
1175 2270 1248 2312 ille
1278 2272 1393 2325 apud
1413 2271 1712 2313 Schlemilium
1732 2287 1755 2314 e

199 2338 350 2396 perula
381 2348 610 2396 utrumque
637 2342 798 2383 librum
827 2356 852 2382 a
881 2355 950 2382 me
980 2347 1176 2396 optatum
1215 2355 1303 2382 uno
1339 2341 1503 2383 scilicet
1533 2341 1754 2384 uolumine

199 2411 541 2466 conprehensum
572 2411 682 2453 mihi
716 2411 905 2453 tradidit.
957 2425 1059 2452 cum
1101 2410 1292 2452 codicem
1334 2411 1472 2454 obiter
1511 2412 1755 2468 inspectum

200 2481 380 2523 Halmio
407 2483 650 2532 redderem,
682 2481 757 2524 ille
785 2481 1041 2523 amicissime
1071 2495 1098 2522 a
1116 2495 1185 2523 me
1204 2481 1330 2536 petiit
1357 2482 1514 2524 utiam
1533 2484 1755 2526 occasione

195 2547 338 2607 ‘quasi
357 2553 411 2594 de
430 2551 644 2593 industria
663 2551 726 2592 ita
748 2557 947 2606 captante
972 2546 1157 2593 fortuna'
1178 2551 1287 2593 mihi
1302 2552 1446 2594 oblata
1465 2559 1607 2595 uterer
1627 2562 1755 2609 atque

200 2623 430 2665 consilium
450 2622 566 2665 Flori
586 2623 641 2663 ad
661 2620 1220 2676 codicemBambergensem
1240 2623 1489 2665 recensendi
1509 2638 1750 2679 exequerer.

201 2707 282 2748 ego
300 2707 402 2736 uero
421 2707 578 2748 negare
599 2691 685 2734 tale
704 2691 934 2733 consilium
953 2705 1160 2747 umquam
1195 2693 1305 2735 mihi
1326 2701 1489 2735 certum
1510 2695 1657 2744 fuisse,
1682 2710 1756 2736 ne-

202 2778 286 2818 que
299 2778 369 2805 me
387 2764 436 2806 in
456 2764 641 2806 alienam
660 2762 928 2818 prouinciam
947 2762 1258 2806 inuolaturum.
1282 2764 1356 2806 ille
1365 2772 1515 2807 contra
1531 2766 1755 2807 adfirmare

202 2848 249 2876 sc
267 2836 359 2876 non‘
374 2834 514 2890 magis
534 2836 587 2877 de
599 2835 725 2876 Floro
746 2834 911 2888 edendo
931 2833 1154 2888 cogitasse,
1178 2835 1430 2890 praesertim
1452 2835 1548 2876 aliis
1568 2835 1754 2890 negotiis

203 2893 468 2955 districtum
510 2905 732 2961 acriusque
770 2903 930 2946 instare
971 2911 1020 2946 ut
1038 2904 1239 2960 ¹codicem
1267 2912 1464 2947 accurate
1491 2912 1752 2956 excuterem,

1440 2982 1485 3017 Ι.
