2002 3320
0 3230 14 3320 ..μ-πῃ
3 3205 5 3211 .

692 237 890 266 nm'rom
910 238 943 274 1,
970 231 1025 264 ιι.
1053 231 1093 264 12
1119 224 1194 280 [16.
1223 224 1297 280 17].
1716 226 1767 266 ‘21

186 339 216 379 Ι
240 346 282 380 et
301 337 494 380 inlustris
514 342 619 390 aput
639 335 857 377 Caudinas
886 335 1074 377 furculas
1096 350 1151 377 ex
1181 336 1262 377 hac
1281 342 1411 391 gente
1432 336 1573 377 clades
1596 337 1774 379 Veturio

169 971 210 1003 10

170 1489 211 1521 15

167 1838 212 1871 20

168 2188 211 2220 25

240 405 541 459 Postumioque
557 404 804 446 consulibus
825 412 1000 460 accepta
1019 413 1096 447 est.
1122 406 1241 447 cluso
1255 420 1332 460 per
1346 406 1521 469 insidias
1542 406 1656 448 intra
1674 422 1774 450 eum

236 478 393 519 saltum
414 474 628 524 exercitu,
660 475 774 516 unde
794 490 882 516 non
903 482 1045 529 posset
1065 477 1245 516 euadere
1258 507 1271 525 ,
1305 482 1482 530 stupens
1513 483 1634 518 tanta
1653 492 1771 518 occa-

237 547 355 588 sione
374 546 464 586 dux
483 543 674 586 hostium
690 545 871 586 Pontius
888 545 1162 587 Herennium
1176 552 1342 600 patrem
1363 546 1593 587 consuluit.
1618 554 1660 588 et
1680 547 1770 597 ille,

236 615 424 657 mitteret
444 629 590 656 omnes
611 614 683 655 uel
703 614 935 665 occideret,
967 615 1181 670 sapienter
1209 622 1259 656 ut
1289 614 1429 656 senior
1458 623 1673 666 suaserat,
1702 617 1773 658 hic

237 685 364 727 armis
385 691 535 726 exutos
556 684 726 725 mittere
747 685 826 725 sub
845 684 998 739 iugum
1016 684 1172 726 maluit
1185 717 1198 734 ,
1226 691 1275 725 ut
1294 699 1374 725 nec
1394 684 1520 725 amici
1540 685 1681 727 forent
1700 687 1771 727 be-

236 754 388 795 neficio
409 761 452 795 et
471 761 567 808 post
588 751 802 808 flagitium
821 754 964 796 hostes
984 754 1136 809 magis.
1170 754 1314 808 itaque
1335 761 1378 795 et
1398 755 1594 796 consules
1623 756 1773 797 statim

237 825 463 879 magnifice
483 824 729 865 uoluntaria
747 823 963 865 deditione
992 824 1305 879 turpitudinem
1335 824 1514 866 foederis
1545 825 1769 875 dirimunt,

236 901 279 935 et
308 894 518 935 ultionem
551 894 752 949 flagitans
779 894 902 935 miles
933 894 1106 948 Papirio
1134 895 1242 935 duce
1263 918 1318 925 —
1348 893 1548 935 horribile
1579 895 1697 936 dictu
1718 920 1773 926 —

238 963 396 1004 strictis
416 964 588 1005 ensibus
608 979 684 1018 per
703 963 843 1018 ipsam
870 963 988 1005 uiam
1017 970 1116 1005 ante
1144 978 1335 1018 pugnam
1366 963 1493 1013 furit3
1526 971 1568 1005 et
1596 964 1643 1005 in
1672 979 1770 1005 con-

236 1048 385 1088 gressu
405 1026 556 1074 arsisse
575 1033 768 1075 omnium
787 1034 932 1074 oculos
962 1032 1096 1074 hostis
1127 1040 1276 1074 auctor
1303 1033 1401 1074 fuit.
1435 1048 1513 1075 nec
1533 1033 1650 1088 prius
1670 1035 1769 1076 finis

236 1102 434 1143 caedibus
469 1103 594 1144 datus
607 1134 620 1152 ,
667 1117 795 1157 quam
839 1102 991 1157 iugum
1026 1109 1069 1143 et
1103 1101 1299 1144 hostibus
1335 1110 1378 1144 et
1413 1103 1512 1144 duci
1548 1111 1672 1159 capto
1707 1120 1769 1146 re·

236 1179 483 1227 posuerunt.

250 1349 362 1390 XII.
396 1350 641 1392 BELLVM
662 1350 987 1393 ETRVSCVM
1008 1351 1397 1394 SAMNITICVM
1419 1352 1750 1395 GALLICVM.

238 1482 462 1522 Hactenus
501 1482 685 1536 populus
736 1483 959 1524 Romanus
1006 1498 1105 1524 cum
1164 1483 1345 1538 singulis
1392 1484 1592 1538 gentibus
1605 1515 1618 1533 ,
1669 1497 1770 1524 mox

236 1550 466 1592 aceruatim
477 1567 490 1600 ;
533 1551 594 1592 sic
623 1566 790 1606 quoque
820 1567 896 1607 par
925 1553 1123 1594 omnibus
1152 1553 1249 1594 fuit.
1299 1554 1579 1595 Etruscorum
1609 1554 1767 1594 duode-

238 1620 323 1661 cim
341 1621 516 1675 populi,
551 1621 703 1663 Vmbri
722 1622 770 1662 in
788 1622 834 1664 id
854 1630 1022 1677 tempus
1051 1622 1228 1672 intacti,
1259 1623 1584 1677 antiquissimus
1616 1623 1768 1664 Italiae

236 1691 443 1745 populus,
481 1690 742 1732 Samnitium
771 1691 924 1746 reliqui
953 1692 999 1733 in
1027 1692 1243 1734 excidium
1272 1693 1459 1734 Romani
1488 1692 1675 1735 nominis
1705 1708 1767 1734 re-

236 1767 364 1814 pente
384 1760 624 1802 coniurant.
658 1768 748 1803 erat
775 1768 908 1803 terror
934 1762 1087 1817 ingens
1118 1770 1183 1804 tot
1212 1763 1342 1804 simul
1371 1770 1675 1817 tantorumque
1694 1777 1767 1817 po-

236 1831 450 1884 pulorum.
492 1831 578 1872 late
611 1844 687 1884 per
714 1831 931 1872 Etruriam
963 1831 1119 1874 infesta
1153 1839 1355 1887 quattuor
1388 1833 1611 1888 agminum
1645 1832 1770 1888 signa

237 1899 490 1941 uolitabant.
530 1899 741 1942 Ciminius
762 1901 935 1943 interim
955 1903 1089 1944 saltus
1109 1903 1155 1944 in
1175 1902 1332 1953 medio,
1355 1911 1454 1944 ante
1474 1903 1620 1944 inuius
1640 1903 1770 1957 plane

237 1969 358 2024 quasi
379 1970 637 2011 Caledonius
658 1971 730 2012 uel
749 1971 1020 2026 Hercynius,
1043 1974 1147 2014 adeo
1168 1979 1262 2013 tum
1285 1973 1432 2014 terrori
1453 1980 1543 2014 erat
1572 1980 1622 2014 ut
1650 1987 1769 2015 sena-

236 2048 305 2081 tus
326 2039 492 2081 consuli
511 2040 785 2082 denuntiaret
817 2056 872 2083 ne
903 2048 1074 2083 tantum
1093 2043 1272 2098 periculi
1292 2042 1459 2098 ingredi
1480 2044 1667 2084 auderet.
1707 2050 1771 2084 set

236 2110 347 2151 nihil
366 2110 521 2151 horum
541 2110 692 2152 terruit
719 2112 896 2162 ducem,
919 2111 1024 2166 quin
1046 2112 1174 2154 fratre
1194 2114 1424 2168 praemisso
1445 2114 1683 2167 exploraret
1703 2127 1769 2153 ac-

237 2194 394 2221 cessus.
426 2179 499 2220 ille
519 2195 594 2234 per
613 2187 784 2222 noctem
803 2182 1005 2234 pastorali
1034 2182 1186 2232 habitu
1215 2184 1459 2237 speculatus
1481 2183 1624 2223 omnia
1644 2181 1771 2222 refert

238 2256 383 2294 tutum
402 2248 497 2290 iter.
531 2249 591 2290 sic
614 2250 772 2291 Fabius
802 2250 1020 2292 Maximus
1050 2252 1459 2305 periculosissimum
1486 2253 1650 2292 bellum
1679 2251 1771 2292 sine

239 2318 427 2372 periculo
456 2319 692 2373 explicuit.-
728 2334 831 2360 nam
871 2320 1013 2362 subito
1043 2321 1284 2363 inconditos
1315 2323 1452 2376 adque
1482 2321 1667 2375 palantis
1699 2322 1770 2362 ad-

249 2465 261 2496 1
294 2462 456 2508 furgulas
471 2470 498 2497 B
524 2463 535 2508 ΙΙ
554 2463 677 2508 glades
693 2471 718 2498 Β
745 2463 756 2509 ΙΙ
782 2463 944 2499 inlustris
968 2476 1013 2499 ex
1029 2464 1095 2499 hac
1118 2470 1226 2510 gente
1251 2465 1370 2500 clades
1395 2470 1484 2511 aput
1506 2466 1676 2501 caudinas
1702 2465 1774 2499 fur-

244 2518 342 2552 culas
358 2526 390 2552 N
405 2518 416 2563 ΙΙ
435 2520 454 2552 2
473 2519 593 2553 clauso
608 2527 641 2553 N
655 2519 667 2564 ΙΙ
686 2522 705 2553 3
721 2521 931 2556 occansione
946 2530 988 2563 Β,
1024 2521 1227 2556 occassione
1243 2521 1313 2556 1²¹N
1327 2523 1338 2568 ΙΙ
1365 2524 1384 2556 8
1404 2522 1618 2557 uolumtaria
1643 2530 1669 2556 Β
1694 2522 1705 2567 ΙΙ
1734 2523 1774 2556 10

240 2574 387 2609 structis
402 2583 428 2608 Β
460 2575 472 2620 ΙΙ
505 2575 594 2610 furit
611 2587 652 2616 ς.·
685 2575 756 2610 fuit
770 2584 846 2610 ΒΙΝ
870 2577 882 2623 ΙΙ
909 2579 951 2611 15
974 2577 1109 2623 populo
1134 2589 1282 2612 romano
1297 2586 1345 2620 N,
1372 2590 1427 2612 om
1443 2586 1463 2612 Ι
1485 2578 1496 2624 ΙΙ
1521 2579 1683 2625 gentium
1699 2586 1729 2612 N
1746 2579 1758 2622 ΙΙ

249 2632 288 2664 16
305 2631 522 2672 aceruatim3
550 2631 601 2665 sio
616 2630 765 2676 sev-apsi.-
790 2633 985 2668 aceruatim
1008 2633 1059 2668 sic
1086 2638 1206 2686 tamen
1222 2643 1266 2677 Β,
1297 2635 1507 2669 cateruatim
1533 2634 1583 2669 sic
1607 2639 1726 2669 tamen
1744 2642 1772 2674 l,

239 2698 431 2733 aceruatim
448 2703 568 2733 tamen
585 2699 635 2733 sic
650 2707 683 2733 Ν
707 2698 719 2744 ΙΙ
746 2700 787 2732 19
813 2687 1194 2736 οοίιίαταοωῖαῗωιῖἷὶἰε
1218 2702 1345 2749 ingens
1369 2710 1394 2736 Β
1419 2704 1430 2747 ΙΙ
1458 2705 1500 2737 20
1518 2714 1539 2736 a
1553 2702 1664 2736 latere
1681 2706 1776 2734 etru-

245 2753 333 2788 riam
350 2754 515 2789 infestam
531 2763 564 2789 N
577 2755 589 2800 ΙΙ
608 2758 647 2790 21
667 2754 834 2790 ciminius
848 2768 893 2796 ς.·
910 2756 1089 2801 geminius
1104 2765 1180 2792 ΒΙΝ
1193 2758 1206 2804 ΙΙ
1224 2760 1266 2792 22
1284 2759 1494 2806 calydonius
1511 2758 1558 2799 1¹⁵,
1578 2750 1776 2791 calidonius

242 2809 314 2842 ΙΡΝ
327 2810 339 2855 ΙΙ
365 2810 575 2856 herquinius
590 2811 671 2853 Blh,
692 2811 885 2848 herennius
899 2813 951 2855 1¹⁹,
971 2812 1152 2848 hercinias
1166 2821 1199 2848 N
1213 2814 1225 2859 ΙΙ
1242 2819 1329 2850 tunc
1344 2823 1393 2858 N,
1412 2828 1467 2849 om
1483 2823 1502 2849 l
1518 2815 1529 2859 ΙΙ
1547 2817 1647 2847 erant
1661 2819 1687 2844 Β
1703 2810 1715 2855 ΙΙ
1733 2813 1774 2844 24

243 2864 405 2910 explorat
417 2874 451 2900 N
464 2867 476 2913 ss
495 2869 536 2902 25
554 2868 712 2914 pastorio
727 2877 761 2904 N
774 2869 786 2915 ΙΙ
804 2869 914 2905 refert
929 2874 1007 2905 tum
1024 2869 1093 2905 iter
1107 2878 1141 2905 N
1155 2871 1166 2916 ΙΙ
1198 2873 1240 2905 26
1259 2871 1336 2906 sine
1352 2884 1408 2905 om
1431 2878 1463 2904 N
1485 2870 1496 2914 ΙΙ
1521 2871 1563 2903 27
1582 2867 1776 2913 explicauit

247 2920 305 2966 ΝΙΙ
322 2921 482 2966 palantes
498 2932 542 2958 B!
558 2925 569 2969 ΙΙ

1798 1490 1847 1528 17
