2002 3320
236 239 400 276 XXIIII
884 245 1144 275 PRAEFA'rm.

241 354 315 389 aut
335 360 511 401 prauam
533 352 580 386 ut
600 344 716 385 hisce

520 418 569 455 N
1063 418 1103 455 X
1547 419 1585 454 B

921 483 1013 518 ipsius

237 538 266 576 p
286 527 353 572 37,
377 527 423 562 17
444 527 485 561 et
514 520 604 573 ipse
633 524 674 559 et
708 532 825 558 exer·
867 525 909 559 et
925 519 1014 573 ipse
1034 526 1076 560 et
1096 520 1305 563 exercitus
1355 525 1397 559 et
1435 518 1525 573 ipse
1565 525 1608 560 et
1646 517 1779 572 ipsius

460 590 570 630 citus
975 621 1133 649 nmmum
1397 588 1606 629 exercitus

289 665 358 711 86,
379 665 431 701 20
448 660 548 700 inde
571 659 656 700 alia
676 665 814 699 castra
866 657 967 698 inde
989 657 1073 698 alia
1094 664 1232 698 castra
1356 657 1456 698 inde
1467 658 1549 698 alia
1559 664 1695 699 castra
1705 671 1778 698 ua-

931 760 959 788 id
1397 727 1573 768 reniana
1593 734 1730 768 castra

286 806 356 852 90,
405 806 428 842 2
447 800 551 855 quid
870 804 1079 851 quantum
1359 803 1567 850 quantum
1587 796 1633 838 id

238 887 339 913 nam
368 886 396 925 Ρ
429 875 497 920 37,
534 876 581 911 17
614 869 793 923 inprobo
829 867 916 907 iam
946 868 1059 920 quod
1096 866 1324 911 lectionem
1357 870 1396 906 B
1429 866 1567 920 recepi
1597 874 1639 906 et
1667 872 1780 907 recte

237 941 452 995 scripsisse
472 939 699 980 Dukerum
718 944 822 991 puto
839 933 898 978 ‘et
916 936 1049 990 ipsius
1071 942 1110 977 et
1129 930 1362 976 exercitus'.
1396 937 1469 976 sed
1489 936 1575 976 huc
1596 937 1781 989 quodam

234 1013 360 1053 modo
390 1001 600 1065 pertinere
636 1008 808 1048 uidetur
834 1021 862 1060 p
896 1009 964 1055 63,
994 1010 1059 1055 13,
1092 1005 1167 1045 ubi
1184 1006 1296 1058 quod
1316 1005 1361 1045 in
1382 1010 1421 1046 B
1448 1005 1605 1059 legitur
1633 1020 1781 1046 causa-

234 1095 428 1135 mumque
446 1094 534 1120 uno
554 1077 753 1119 uocabuli
772 1083 960 1118 monstro
981 1075 1206 1116 coniunxit
1235 1076 1347 1128 quod
1376 1075 1422 1115 in
1441 1079 1491 1116 N
1505 1076 1664 1130 legitur
1684 1091 1780 1119 cau-

236 1165 473 1205 casumque,
497 1149 610 1203 quod
631 1154 773 1201 aperte
795 1148 1076 1200 deprauatum
1096 1152 1159 1186 est
1172 1177 1184 1194 ,
1209 1152 1250 1185 et
1271 1146 1384 1199 quod
1405 1159 1556 1185 uerum
1576 1150 1640 1184 est
1659 1143 1779 1184 Hae-

234 1235 452 1275 mumque,
492 1217 629 1272 qualis
658 1217 900 1270 corruptela
930 1230 983 1256 ex
1004 1215 1064 1256 eis
1095 1229 1202 1268 quae
1231 1216 1282 1255 de
1311 1215 1454 1256 codice
1483 1218 1524 1255 X
1544 1213 1658 1254 dicta
1678 1219 1781 1254 sunt

237 1292 339 1333 satis
372 1292 481 1331 bene
511 1286 713 1342 explicari
747 1292 901 1341 potest.
954 1300 1042 1326 uno
1078 1292 1222 1325 autem
1256 1285 1348 1326 loco
1387 1291 1474 1325 tam
1511 1290 1551 1325 B
1579 1298 1708 1338 quam
1736 1286 1786 1324 N

236 1368 462 1414 utramque
482 1358 709 1400 lectionem
730 1362 969 1397 seruarunt.
1002 1370 1103 1395 nam
1122 1370 1151 1409 p
1177 1359 1273 1404 119,
1302 1360 1350 1395 10
1373 1369 1471 1395 cum
1490 1354 1536 1394 in
1557 1359 1596 1394 B
1613 1354 1782 1407 legatur

233 1427 303 1471 ‘nc
325 1429 502 1483 perdita
530 1428 696 1482 quidem
728 1432 803 1467 aut
822 1425 1002 1479 prodita
1035 1449 1084 1454 —-
1108 1419 1430 1473 coniuratione',
1456 1424 1501 1464 in
1521 1428 1571 1465 N
1585 1438 1687 1464 uero
1711 1420 1782 1464 ‘ne

227 1499 456 1554 praedicta
487 1497 653 1552 quidem
684 1502 724 1537 et
748 1495 927 1550 prodita
949 1493 1339 1586 -ἦοέἰοὶἶῑίαναίίοηε,
1379 1493 1582 1547 numquis
1612 1493 1782 1534 dubitat

237 1591 338 1646 quin
361 1590 407 1630 in
427 1593 467 1630 X
488 1589 693 1643 scriptum
722 1587 850 1628 fuerit
879 1601 931 1627 uc
945 1583 1184 1640 ‘praedicta
1202 1585 1370 1639 quidem
1391 1610 1443 1615 -—
1466 1579 1778 1635 coniuratione'‚

237 1668 279 1702 et
299 1675 451 1701 uerum
472 1659 527 1700 sit
548 1659 686 1699 solum
706 1657 916 1712 prodita?

309 1729 483 1783 Reliqui
492 1735 593 1770 sunt
603 1727 729 1781 pauci
738 1726 913 1780 quidam
923 1726 1007 1767 loci
1015 1740 1195 1781 quorum
1202 1725 1352 1767 similis
1362 1725 1535 1780 quidem
1545 1725 1782 1779 corruptela

237 1808 317 1849 est,
343 1800 417 1840 sed
436 1813 524 1839 non
546 1804 634 1838 tam
655 1796 858 1851 simplicis
875 1796 1185 1850 explicationis.
1219 1797 1331 1850 quod
1351 1811 1379 1850 Ρ
1391 1800 1459 1846 69,
1476 1802 1495 1836 7
1515 1796 1607 1837 inB
1625 1796 1783 1851 legitur

233 1867 466 1911 ‘Oreticum
488 1868 638 1908 bellum
659 1891 715 1898 —
743 1881 817 1907 nos
826 1866 1016 1921 fecimus
1043 1867 1136 1907 sola
1166 1866 1365 1907 uincendi
1389 1866 1568 1907 nobilem
1597 1866 1782 1910 insulam

235 1939 446 1993 cupiditas
455 1933 582 1993 fecie?
605 1939 786 1978 duarum
805 1936 1038 1977 lectionum
1058 1936 1241 1990 uestigia
1262 1944 1404 1990 aperte
1423 1944 1646 1977 monstrat.
1679 1951 1782 1978 nam

236 2010 273 2051 si
293 2009 387 2063 quis
407 2009 539 2049 uerba
557 2022 631 2048 uos
649 2007 840 2062 fecimus
867 2013 917 2047 ut
936 2021 1011 2060 per
1030 2020 1212 2046 errorem
1231 2006 1367 2047 inlata
1387 2007 1525 2047 delere
1546 2006 1676 2056 uelit,
1708 2007 1780 2048 ob-

237 2086 322 2121 stat
341 2083 401 2128 N,
424 2079 470 2119 in
492 2093 575 2132 quo
596 2078 800 2131 scriptum
820 2072 1128 2117 est‘Oreticum
1150 2076 1301 2116 bellum
1323 2101 1374 2106 -
1397 2090 1470 2116 nos
1480 2075 1669 2131 fecimus
1688 2076 1780 2118 sola

235 2148 435 2190 uincendi
452 2149 630 2189 nobilem
651 2147 835 2188 insulam
856 2140 1114 2200 cupiditatc'.
1148 2145 1310 2186 scilicet
1342 2145 1539 2187 librarius
1559 2145 1778 2188 inconcin-

233 2234 340 2259 num
360 2218 469 2259 illud
490 2218 698 2272 cupiditas
715 2217 833 2272 fecit
859 2215 921 2256 ita
948 2215 1135 2256 mutauit
1179 2222 1229 2256 ut
1258 2230 1356 2255 cum
1385 2215 1446 2256 eis
1474 2230 1581 2270 quae
1611 2230 1779 2270 praece-

237 2291 345 2330 dunt
365 2303 439 2329 nos
457 2274 647 2343 fecimus
666 2286 791 2341 iungi
820 2285 969 2340 possit.
1012 2285 1058 2325 in
1088 2289 1129 2326 X
1156 2284 1289 2339 igitur
1316 2291 1546 2339 utrumque
1575 2286 1782 2340 scriptum

234 2359 364 2399 fuisse
386 2354 589 2412 apparet‘
601 2357 809 2399 Oreticum
831 2356 983 2396 bellum
995 2379 1046 2386 ·—
1062 2369 1137 2396 nos
1146 2354 1336 2410 fecimus
1356 2356 1447 2396 sola
1459 2379 1507 2385 —
1519 2352 1776 2409 cupiditate',

236 2436 278 2468 et
293 2424 525 2468 ‘Oreticum
547 2428 697 2468 bellum
716 2451 767 2457 —-
784 2427 875 2467 sola
892 2425 1102 2479 cupiditas
1110 2420 1251 2481 fecit'.
1266 2439 1446 2479 quorum
1465 2432 1610 2466 utrum
1630 2441 1780 2468 uerum

235 2498 290 2539 sit
310 2497 428 2537 haud
447 2496 508 2536 ita
528 2496 651 2537 facile
673 2496 867 2537 dixerim.

232 2582 261 2621 p
285 2571 353 2616 79,
380 2571 400 2606 7
426 2580 532 2619 quae
562 2566 765 2619 leguntur
790 2562 859 2607 ‘ne
871 2566 1057 2620 populus
1082 2565 1270 2621 qentium
1300 2565 1434 2607 uictor
1463 2564 1652 2620 orbisque
1676 2580 1778 2619 pos·

232 2650 368 2678 sessor
403 2635 582 2676 extorris
617 2635 706 2675 aris
735 2651 786 2676 ac
808 2636 928 2691 focis
964 2631 1117 2690 aqeret'
1138 2651 1213 2690 per
1243 2650 1287 2677 se
1317 2642 1507 2689 spectata
1537 2634 1667 2675 totius
1695 2635 1778 2676 loci

234 2713 492 2748 structuram
513 2711 600 2745 arte
622 2705 885 2759 conpositam
908 2707 1095 2746 turbant.
1146 2720 1248 2746 nam
1268 2719 1365 2746 cum
1388 2704 1521 2745 tribus
1542 2704 1777 2746 enuntiatis

234 2777 345 2818 inter
375 2790 419 2816 se
450 2775 660 2816 similibus
697 2774 881 2815 ambitus
918 2775 1222 2825 concludatur,
1260 2774 1369 2815 nihil
1397 2774 1509 2828 quod
1539 2773 1605 2815 his
1635 2774 1777 2816 uerbis

234 2846 370 2887 simile
392 2845 447 2887 sit
475 2847 659 2887 secundo
690 2851 817 2898 atquc
846 2844 971 2885 tertio
992 2844 1240 2898 adjungitur
1251 2876 1264 2895 ,
1294 2845 1338 2886 id
1358 2846 1472 2898 quod
1492 2844 1591 2886 ferri
1610 2845 1773 2899 nequit.

234 2923 326 2956 tum
355 2916 459 2957 haec
488 2916 620 2957 uerba
647 2915 728 2957 hoc
760 2914 852 2955 loco
887 2928 1057 2968 prorsus
1097 2928 1409 2968 superuacanea
1447 2922 1549 2956 sunt
1560 2931 1571 2964 ;
1616 2914 1778 2956 accedit
