2002 3320
342 246 419 283 XX
982 251 1242 281 PRAEFATIO.

342 368 469 407 quare
489 353 569 393 hoc
589 351 732 406 potius
762 351 815 391 ab
846 350 1021 391 homine
1053 350 1247 392 additum
1268 364 1358 391 esse
1380 364 1531 391 censeo
1552 349 1626 404 qui
1647 349 1889 404 significare

342 422 480 462 uoluit
508 422 632 474 quale
653 421 834 461 uerbum
852 420 1192 474 intellegendum
1212 419 1280 461 sit.

457 491 609 531 Paullo
637 490 815 544 [diuersa
844 489 1130 543 interpolandi
1148 489 1256 530 ratio
1277 496 1363 539 est,
1394 503 1477 544 qua
1497 490 1583 530 duo
1602 489 1685 530 loci
1705 488 1892 543 corrupti

344 567 460 610 sunt,
485 561 536 600 de
558 560 711 614 quibus
732 559 919 600 breuiter
938 559 1077 599 dicam
1087 560 1201 612 quod
1213 559 1363 600 sentio.
1387 574 1416 613 p
1430 564 1505 600 104
1519 561 1570 600 de
1585 559 1780 613 Pompeii
1788 558 1889 600 filiis

344 637 440 685 post
460 630 670 684 proelium
691 631 805 684 apud
825 629 1037 669 Mundam
1057 628 1281 668 uictoriam
1301 629 1622 682 desperantibus
1646 629 1825 670 Sextum
1846 643 1891 669 se

344 700 391 740 in
413 699 642 740 Celtiberia
672 698 986 740 abscondidisse
1013 705 1156 738 narrat
1169 713 1180 746 3
1228 693 1427 738 ‘Gneum'
1460 698 1519 738 ait
1534 694 1710 752 ‘proelio
1730 698 1888 754 profu-

341 781 443 822 qum
475 793 525 798 —-
544 774 827 823 puqnantem,
868 770 971 809 adeo
999 769 1183 808 nondum
1215 768 1486 820 desperabat,
1511 763 1762 823 interfecit'.
1813 767 1890 808 ubi

345 837 475 877 uerba
492 833 612 878 ‘adeo
633 840 816 879 nondum
839 832 1105 891 desperabat'
1130 851 1228 877 cum
1245 836 1304 877 eis
1327 851 1435 890 quae
1454 838 1579 877 modo
1598 836 1744 890 posuit
1758 833 1892 878 ‘uide—

347 906 444 947 licet
461 906 683 948 uictoriam
705 902 1034 961 desperantibus³
1056 907 1117 947 ita
1139 907 1316 947 aduersa
1336 906 1474 946 fronte
1501 912 1698 960 pugnant
1735 913 1786 947 ut
1803 920 1893 948 non

345 976 515 1017 uideam
536 991 620 1031 quo
640 978 767 1018 modo
788 979 840 1018 ab
862 979 1010 1018 eodem
1031 977 1233 1030 scriptore
1264 975 1467 1029 coniungi
1496 975 1740 1029 potuerint3
1773 988 1891 1029 prae-·

347 1046 493 1087 sertim
514 1061 612 1087 cum
633 1047 668 1087 is
691 1046 764 1100 qui
783 1046 830 1086 in
850 1047 955 1101 fuga
975 1048 1026 1087 ab
1047 1047 1168 1087 hoste
1189 1047 1411 1099 adgressus
1431 1059 1578 1099 pugna
1608 1060 1652 1086 se
1682 1046 1888 1096 defendit,

344 1117 439 1157 ideo
460 1131 546 1157 non
577 1118 818 1170 desperasse
828 1116 911 1157 dici
930 1123 1127 1170 nequeat.
1155 1129 1281 1169 quare
1297 1115 1401 1155 haec
1418 1115 1602 1169 aliquem
1619 1115 1891 1169 adscripsisse

343 1193 448 1240 puto
469 1186 552 1236 cui,
579 1186 679 1240 quia
693 1201 891 1241 pugnans
912 1186 1160 1227 interfectus
1172 1200 1260 1226 esse
1274 1192 1470 1225 narratur
1483 1185 1632 1226 Gneus
1642 1185 1888 1239 Pompeius,

338 1263 443 1296 nota
465 1255 646 1309 dignum
676 1256 821 1297 uisum
852 1263 916 1297 est
937 1257 1052 1310 quod
1074 1262 1200 1296 antea
1234 1257 1476 1309 desperasse
1497 1254 1731 1296 dicebatur.
1785 1256 1892 1296 alter

343 1326 461 1367 locus
482 1325 638 1379 legitur
656 1340 684 1379 p
709 1330 775 1375 74,
802 1330 853 1366 28
867 1357 880 1375 ,
913 1325 988 1366 ubi
1017 1333 1244 1379 postquam
1272 1332 1491 1365 narratum
1511 1332 1575 1365 est
1596 1326 1795 1370 Crassum
1815 1325 1891 1366 uix

345 1396 640 1451 captiuitatem
669 1402 804 1436 morte
826 1395 1046 1448 effugisse,
1079 1395 1249 1435 additur
1274 1392 1354 1436 ‘sio
1379 1410 1538 1449 quoque
1563 1396 1744 1436 relatum
1765 1401 1895 1449 caput

346 1465 528 1507 ludibrio
548 1464 733 1506 hostibus
752 1460 877 1516 fuist.
911 1471 1004 1505 tum
1025 1464 1127 1518 quid
1147 1465 1199 1504 de
1227 1464 1317 1505 filio
1338 1472 1379 1505 et
1399 1466 1451 1505 de
1471 1465 1661 1519 reliquiis
1681 1465 1890 1506 exercitus

344 1536 505 1576 factum
526 1534 581 1575 sit
601 1533 795 1574 traditur.
840 1534 1022 1588 denique
1051 1534 1156 1574 haec
1189 1535 1403 1575 adduntur
1424 1530 1571 1588 ‘caput
1597 1534 1685 1576 eius
1713 1534 1892 1576 recisum

345 1620 437 1646 cum
459 1606 630 1646 dextera
650 1618 780 1644 manu
800 1603 861 1643 ad
877 1617 1014 1657 reqem
1034 1609 1294 1656 reportatum
1317 1604 1498 1645 ludibrio
1516 1605 1637 1660 fixit,
1669 1618 1800 1659 neque
1827 1604 1891 1645 in-

345 1675 486 1730 diqno.
530 1687 683 1714 aarum
704 1672 813 1713 enim
835 1672 1043 1726 liquidum
1064 1672 1109 1712 in
1129 1673 1283 1714 rictum
1305 1673 1390 1714 oris
1411 1673 1603 1728 infusum
1634 1679 1719 1724 est,
1753 1679 1803 1715 ut
1820 1689 1890 1715 ou-

344 1745 411 1785 ius
432 1743 599 1784 animus
621 1739 790 1783 arserat
809 1742 910 1782 auri
929 1742 1184 1795 cupiditate,
1209 1742 1298 1784 eius
1319 1743 1445 1784 etiam
1466 1749 1676 1784 mortuum
1696 1749 1738 1785 et
1765 1758 1891 1785 exan-

339 1827 422 1868 9ue
457 1827 605 1866 corpus
642 1826 746 1852 auro
781 1808 1012 1853 ureretur'.
1055 1813 1222 1852 nullam
1257 1813 1454 1867 equidem
1493 1828 1665 1855 causam
1699 1814 1894 1855 inuenire

344 1884 517 1936 possum
538 1896 613 1922 cur
634 1882 685 1922 de
705 1882 785 1922 hac
817 1882 1077 1922 contumelia
1113 1882 1180 1923 bis
1210 1883 1418 1924 referatur
1451 1884 1611 1924 eisdem
1638 1884 1724 1924 fere
1751 1883 1892 1925 uerbis

345 1952 459 1992 intra
479 1959 568 1992 tam
587 1965 772 2004 paruum
791 1951 978 2005 spatium
997 1951 1204 2006 repetitis.
1243 1954 1357 2005 quod
1384 1953 1538 1994 ultimo
1569 1953 1707 2007 capite
1736 1953 1894 2008 legitur

344 2028 640 2075 praeterquam
661 2022 775 2074 quod
795 2022 1031 2062 accuratius
1048 2036 1137 2062 rem
1158 2029 1326 2063 enarrat
1347 2023 1476 2063 etiam
1497 2023 1690 2063 Iordanis
1712 2023 1892 2064 auctori-

346 2097 435 2131 tate
456 2096 599 2131 tutum
619 2097 697 2131 est.
741 2091 952 2144 reliquum
982 2090 1115 2144 igitur
1143 2098 1206 2131 est
1219 2123 1231 2141 ,
1255 2098 1304 2132 ut
1325 2094 1438 2145 quod
1458 2092 1594 2146 priore
1623 2093 1717 2133 loco
1735 2092 1894 2147 legitur

349 2161 400 2200 ab
421 2174 470 2201 eo
490 2159 789 2213 interpositum
809 2161 1028 2201 credamus
1059 2161 1132 2214 qui
1163 2161 1266 2215 quid
1296 2163 1348 2202 de
1368 2169 1537 2202 mortuo
1559 2163 1710 2203 Crasso
1730 2162 1893 2203 factum

350 2229 404 2270 sit
426 2229 571 2270 statim
590 2229 823 2269 narrationi
843 2231 895 2270 de
915 2237 1049 2270 morte
1070 2230 1160 2271 eius
1190 2231 1536 2286 subiungendum
1564 2231 1736 2285 putauit
1765 2231 1893 2286 idque

347 2297 534 2338 breuiter
554 2298 775 2339 indicauit.
810 2314 916 2353 quae
937 2300 1067 2339 uerba
1093 2300 1168 2340 ubi
1189 2301 1327 2342 deleta
1348 2308 1464 2350 sunt,
1494 2301 1539 2342 id
1560 2315 1728 2355 quoque
1748 2315 1893 2342 conse-

351 2367 544 2421 quimur,
567 2375 616 2408 ut
636 2369 763 2422 longe
785 2368 925 2423 aptius
947 2370 1154 2423 quadrent
1177 2385 1283 2425 quae
1305 2373 1356 2412 de
1377 2371 1519 2412 Crassi
1540 2371 1629 2411 filio
1648 2378 1889 2412 narrantur.

464 2436 573 2477 Aliis
593 2436 696 2477 locis
717 2438 832 2478 haud
852 2438 998 2492 paucis
1019 2439 1142 2480 facile
1162 2441 1359 2495 cognosci
1379 2448 1518 2495 potest
1547 2440 1592 2480 in
1622 2440 1764 2481 codice
1784 2439 1893 2481 anti-

352 2505 571 2560 quissimo,
587 2520 640 2546 ex
652 2520 734 2560 quo
746 2514 835 2547 tam
850 2513 889 2548 B
905 2523 1032 2562 quam
1047 2513 1097 2550 N
1107 2510 1289 2551 deriuati
1305 2518 1420 2561 sunt,
1436 2511 1644 2565 quaedam
1653 2508 1894 2564 explicandi

352 2575 490 2629 gratia
520 2575 803 2630 superscripta
836 2577 990 2628 fuisse,
1035 2593 1119 2632 quo
1147 2579 1309 2621 factum
1338 2587 1402 2621 est
1422 2587 1471 2621 ut
1499 2586 1646 2634 postea
1664 2585 1894 2632 utrumque

350 2645 396 2685 in
418 2646 645 2686 uerborum
666 2645 859 2686 ordinem
879 2661 903 2686 a
923 2647 1105 2689 librariis
1127 2650 1402 2691 describendo
1430 2649 1697 2703 reciperetur.
1753 2661 1894 2688 exem-

350 2712 424 2766 pla
432 2714 723 2755 memorabilia
741 2715 802 2755 ita
812 2718 1038 2757 recensebo
1050 2726 1098 2758 ut
1111 2719 1300 2772 primum
1318 2734 1367 2761 ea
1384 2719 1569 2760 adferam
1585 2717 1660 2758 ubi
1674 2720 1723 2758 N
1728 2723 1893 2758 utrum-

352 2796 433 2835 que
454 2783 657 2834 seruauit,
682 2790 721 2824 B
741 2791 910 2826 tantum
934 2786 1115 2828 alterum
1135 2795 1294 2840 utrum,
1320 2795 1362 2830 et
1379 2787 1604 2841 antiquum
1627 2786 1751 2827 illum
1767 2801 1894 2842 quem

351 2853 555 2905 supposui
576 2853 763 2895 codicem
783 2859 824 2896 X
842 2855 1014 2896 notabo.
1061 2855 1301 2898 uidebimus
1323 2864 1466 2898 autem
1493 2863 1718 2911 utramque
1746 2857 1893 2898 lectio-

349 2934 447 2961 nem
469 2930 542 2963 aut
563 2923 810 2978 simpliciter
825 2924 1028 2979 coniungi
1050 2932 1124 2966 aut
1146 2926 1289 2967 addita
1304 2926 1512 2980 particula
1528 2932 1580 2976 et,
1605 2941 1670 2976 ac,
1694 2926 1776 2976 uel,
1800 2931 1888 2967 aut.
