2002 3320
271 259 322 298 12
913 270 1005 297 1vL1
1028 270 1156 298 ηοω

266 369 464 424 publica?
485 374 697 422 postremo
719 367 901 423 Superbi
921 367 1037 410 illius
1058 369 1287 423 inportuna
1307 368 1540 409 dominatio
1561 383 1647 409 non
1667 368 1794 418 nihil,
1826 369 1857 408 I

268 439 399 480 immo
419 438 490 479 uel
510 437 744 491 plurimum
763 438 936 492 profuit.
970 438 1030 479 sic
1059 438 1174 479 enim
1203 438 1399 479 effectum
1426 445 1490 480 est
1523 446 1572 479 ut
1612 438 1798 493 agitatus

269 508 437 549 iniuriis
457 508 642 563 populus
663 507 896 562 cupiditate
916 507 1125 549 libertatis
1145 505 1481 549 incenderetur.u
1802 507 1866 563 [1]

520 680 608 720 ΙΙΙ.
643 679 722 719 DE
744 677 1102 720 MVTATIONE
1123 678 1228 719 REI
1249 679 1560 720 PVBLICAE.

222 819 248 858 9
274 819 413 874 Igitur
433 820 567 859 Bruto
588 818 886 872 Collatinoque
907 817 1087 858 ducibus
1108 824 1151 857 et
1171 817 1451 867 auctoribus,
1471 814 1651 872 ''quibus
1671 818 1798 859 ultio·
1811 826 1831 858 5
1847 818 1880 858 I

272 903 373 930 nem
403 888 469 929 sui
498 887 682 928 moriens
712 894 908 928 matrona
935 888 1240 937 mandauerat,
1281 887 1465 942 populus
1498 889 1719 928 Romanus
1749 889 1803 929 ad

272 958 581 1000 uindicandum
622 949 831 998 h'bertatis
872 972 920 998 ac
957 956 1190 1012 pudicitiae
1217 958 1345 998 decus
1376 958 1561 1011 quodam
1588 957 1711 1012 quasi
1738 957 1803 998 in-

274 1028 435 1069 stinctu
467 1028 643 1067 deorum
672 1027 909 1068 concitatus
938 1040 1082 1080 regem
1118 1032 1291 1080 repente
1321 1027 1541 1076 destituit,
1571 1028 1685 1068 bona
1705 1026 1804 1068 diri-

273 1098 362 1153 pit,
396 1111 547 1151 agrum
567 1096 700 1138 Marti
721 1111 798 1138 suo
819 1102 1060 1145 consecrat,
1093 1095 1319 1150 imperium
1340 1096 1386 1136 in
1407 1098 1577 1137 eosdem
1597 1097 1806 1138 libertatis

275 1182 376 1209 suae
396 1166 588 1208 uindices
610 1166 824 1216 transfert,
847 1172 1012 1206 mutato
1034 1172 1177 1206 tamen
1198 1173 1240 1206 et
1259 1166 1351 1207 iure
1372 1173 1414 1206 et
1434 1167 1621 1208 nomine.
1646 1166 1804 1222 quippe
1835 1175 1876 1208 10

274 1252 328 1278 ex
346 1244 554 1292 perpetuo
576 1251 768 1278 annuum
786 1235 949 1291 placuit
964 1267 977 1285 ,
1010 1249 1062 1275 ex
1093 1234 1300 1289 singulari
1330 1236 1512 1290 duplex,
1543 1251 1597 1277 ne
1617 1243 1805 1291 potestas

275 1306 504 1348 solitudine
524 1307 596 1347 uel
615 1321 734 1347 mora
762 1312 1126 1359 corrumperetur,
1162 1306 1439 1359 consulesque
1469 1306 1703 1360 appellauit
1730 1321 1806 1361 pro

274 1376 459 1430 regibus,
482 1384 532 1416 ut
553 1376 771 1417 consulere
802 1389 846 1416 se
876 1374 1042 1415 ciuibus
1074 1375 1162 1415 suis
1189 1375 1339 1415 debere
1369 1375 1678 1417 meminissent.
1712 1383 1805 1416 tan-

274 1453 452 1500 tumque
473 1445 681 1486 libertatis
701 1459 838 1485 nouae
858 1444 1066 1498 gaudium
1085 1444 1339 1493 incesserat,
1372 1451 1422 1485 ut
1451 1445 1527 1485 uix
1546 1445 1702 1486 mutati
1722 1453 1805 1486 sta—

275 1523 344 1556 tus
378 1516 507 1556 fidem
545 1521 714 1570 caperet
742 1515 1008 1568 alterumque
1038 1529 1091 1554 ex
1120 1513 1365 1555 consulibus
1379 1546 1392 1563 ,
1427 1514 1652 1556 Lucretiae
1680 1515 1805 1556 mari-
1835 1523 1877 1556 15

275 1593 391 1634 tum,
417 1591 587 1625 tantum
607 1586 660 1625 ob
680 1599 838 1626 nomen
858 1591 901 1625 et
920 1599 1056 1638 genus
1078 1583 1244 1638 regium
1263 1584 1450 1625 fascibus
1470 1585 1682 1639 abrogatis
1702 1586 1807 1626 urbe

274 1655 520 1696 dimitteret.
553 1654 698 1709 itaque
718 1654 975 1696 substitutus
996 1653 1205 1695 Horatius
1227 1654 1449 1694 Publicola
1471 1669 1638 1695 summo
1665 1655 1807 1696 studio

275 1724 449 1765 adnisus
471 1732 534 1764 est
555 1726 609 1765 ad
629 1726 870 1778 augendam
897 1724 1022 1765 liberi
1052 1724 1202 1779 populi
1231 1724 1511 1764 maiestatem.
1546 1739 1647 1765 nam
1677 1732 1720 1766 et
1746 1725 1807 1766 fa·-

274 1809 363 1835 sces
385 1794 424 1834 ei
443 1808 520 1848 pro
537 1794 733 1834 contione
751 1793 980 1843 summisit,
1000 1801 1043 1834 et
1058 1793 1125 1834 ius
1141 1793 1457 1848 prouocationis
1474 1795 1677 1836 aduersus
1692 1794 1807 1849 ipsos

274 1864 416 1914 dedit,
452 1870 494 1904 et
523 1878 577 1904 ne
605 1863 744 1918 specie
789 1864 896 1905 arcis
936 1864 1166 1904 offenderet
1209 1863 1435 1905 eminentis
1476 1864 1591 1905 aedis
1631 1879 1729 1906 suas
1758 1864 1805 1905 in
1835 1872 1879 1904 20

273 1934 404 1988 plana
435 1934 661 1975 summisit.
694 1937 856 1974 Brutus
876 1948 979 1974 uero
1007 1933 1146 1975 fauori
1168 1933 1335 1974 ⁴ciuium
1364 1933 1494 1975 etiam
1522 1935 1674 1975 domus
1706 1948 1808 1975 suae

274 2005 393 2045 clade
414 2010 456 2044 et
475 2003 701 2057 parricidio
722 2004 963 2044 uelificatus
976 1990 1062 2045 est.
1097 2003 1255 2058 quippe
1285 2018 1383 2044 cum
1414 2005 1584 2044 studere
1604 2018 1806 2044 reuocan—

275 2073 406 2115 disin
426 2075 575 2114 urbem
602 2073 772 2127 regibus
801 2073 956 2114 liberos
978 2088 1075 2114 suos
1106 2073 1403 2127 comperisset,
1433 2073 1643 2127 protraxit
1669 2073 1716 2113 in
1746 2074 1807 2115 fo-

274 2159 370 2184 rum
391 2151 433 2184 et
454 2143 652 2184 contione
668 2143 813 2193 ,media
833 2143 967 2197 uirgis
989 2141 1164 2191 cecidit,
1201 2142 1337 2182 securi
1357 2142 1589 2196 percussit,
1611 2150 1661 2183 ut
1679 2144 1808 2197 plane

273 2212 471 2267 publicus
491 2227 644 2267 parens
665 2213 711 2253 in
730 2214 874 2254 locum
893 2212 1124 2253 liberorum
1145 2213 1367 2266 adoptasse
1396 2212 1476 2253 sibi
1503 2213 1711 2267 populum
1741 2212 1805 2253 ui-
1834 2220 1878 2253 25

275 2285 457 2324 deretur.

386 2353 514 2393 Liber
534 2353 621 2393 iam
640 2353 742 2394 hinc
771 2354 955 2408 populus
987 2355 1211 2394 Romanus
1240 2352 1378 2407 prima
1407 2354 1612 2394 aduersus
1642 2360 1808 2394 exteros

275 2437 392 2463 arma
411 2437 487 2477 pro
509 2423 704 2464 libertate
726 2423 945 2478 corripuit,
968 2437 1068 2463 mox
1090 2437 1172 2477 pro
1193 2422 1369 2472 finibus,
1394 2423 1548 2464 deinde
1569 2437 1646 2478 pro
1666 2422 1806 2472 sociis,

276 2617 295 2648 3
314 2613 526 2648 incendetur
543 2621 568 2647 B
586 2613 597 2658 11
608 2617 693 2657 post
707 2613 957 2647 incenderetur
973 2614 1014 2647 de
1029 2612 1102 2647 suis
1118 2613 1287 2658 quaedam
1306 2612 1496 2658 interponit
1509 2620 1530 2646 Ι
1545 2611 1556 2657 11
1575 2614 1594 2645 5
1612 2611 1808 2645 conlatino-

276 2681 344 2716 que
360 2677 393 2703 Ν
407 2669 418 2715 11
438 2671 457 2703 8
475 2668 633 2703 distituit
647 2677 672 2702 Β
690 2668 701 2713 11
725 2671 762 2702 10
781 2674 817 2702 et
833 2669 950 2703 indice
968 2674 1004 2703 et
1020 2669 1164 2704 nomine
1188 2677 1221 2703 N
1236 2669 1246 2714 11
1269 2671 1302 2702 11
1327 2680 1486 2703 annuum
1502 2677 1541 2702 Ι.-
1559 2679 1692 2702 annum
1708 2675 1766 2701 BN
1781 2667 1792 2712 11

276 2731 312 2760 et
329 2725 536 2771 singulariB
554 2724 565 2769 11
587 2726 625 2757 13
645 2736 682 2758 se
699 2737 752 2757 om
770 2733 814 2758 BI
830 2724 840 2769 11
864 2727 901 2758 14
920 2725 1078 2760 libertati
1093 2734 1118 2759 B
1136 2725 1146 2770 11
1165 2726 1366 2759 incenserat
1380 2733 1416 2766 B,
1437 2724 1684 2758 intercesserat
1701 2732 1719 2757 Ι
1735 2723 1746 2768 11
1769 2725 1807 2757 15

276 2786 442 2827 caperent
457 2789 506 2816 IN
521 2781 533 2827 11
550 2780 720 2815 lucretiae
736 2780 903 2814 maritum
921 2793 975 2814 om
991 2789 1024 2815 N
1038 2782 1048 2827 11
1071 2783 1110 2816 16
1121 2780 1346 2827 obrogatisN
1360 2781 1370 2826 11
1389 2780 1512 2814 urbem
1527 2788 1583 2814 BN
1599 2780 1609 2825 11
1633 2783 1669 2814 17
1689 2780 1808 2814 dimit-

276 2842 392 2872 terent
408 2846 459 2873 IN
473 2838 483 2884 11
503 2837 636 2872 oratius
653 2845 726 2870 ΒΙΝ
742 2837 752 2881 11
772 2848 815 2870 ex
827 2847 965 2870 summo
982 2845 1014 2870 N
1029 2838 1039 2881 11
1062 2839 1101 2871 18
1119 2837 1266 2870 annisus
1282 2845 1310 2878 1,
1331 2836 1516 2870 ammissus
1533 2845 1557 2870 B
1575 2837 1586 2882 11
1604 2836 1809 2881 augendum

274 2903 298 2927 Β
316 2894 327 2940 11
345 2898 609 2939 magestatemB
626 2893 637 2938 11
660 2894 698 2926 19
708 2892 875 2926 aduersos
895 2892 913 2926 b
932 2892 942 2937 11
962 2895 1003 2927 20
1022 2893 1156 2938 species
1173 2901 1191 2926 Ι
1207 2893 1218 2937 11
1236 2891 1446 2926 aeminentis
1463 2891 1560 2925 aedis
1578 2891 1609 2933 b,
1630 2892 1809 2926 aeminen-

275 2956 329 2983 tes
348 2950 454 2984 aedes
470 2958 494 2983 Β
513 2952 522 2993 11
543 2952 579 2983 21
603 2949 725 2995 planas
742 2957 766 2982 B
784 2948 794 2993 11
814 2949 906 2983 cium
926 2949 945 2982 b
963 2949 973 2993 11
993 2951 1035 2983 23
1054 2949 1166 2983 urbeB
1185 2948 1195 2993 11
1215 2951 1254 2982 21
1275 2948 1460 2993 securique
1478 2956 1504 2989 Ι,
1525 2954 1561 2982 et
1578 2948 1692 2982 securi
1709 2955 1740 2982 N
1753 2948 1765 2992 11
