2002 3320
143 1117 184 1148 10

142 1468 184 1499 15

140 1946 184 1978 20

140 2296 184 2328 25

631 250 829 279 aaron
850 251 884 286 1,
906 244 1054 278 24-26
1078 237 1149 292 [11‚
1173 236 1332 291 8—10].
1702 237 1758 277 45

213 364 316 391 auro
335 363 524 404 purpura
551 356 729 403 argento
758 356 802 390 et
829 363 907 390 suo
935 349 1060 390 ebore
1089 347 1356 403 fulgentibus
1377 347 1511 389 aciem
1541 347 1756 402 utrimque

213 420 464 461 uallauerat.
490 419 565 460 sed
580 418 725 460 omnia
739 418 988 473 praepedita
1003 418 1303 473 magnitudine
1320 432 1414 467 sua,
1433 419 1487 459 ad
1503 418 1585 459 hoc
1600 417 1752 468 imbre,

213 490 287 544 qui
306 488 448 531 subito
468 489 718 544 superfusus
746 489 855 530 mira
883 489 1088 530 felicitate
1118 487 1311 530 Persicos
1341 502 1463 529 arcus
1493 496 1752 544 corruperat,

212 559 399 614 primum
419 558 672 613 trepidatio,
695 573 796 600 mox
815 559 942 614 fuga,
965 559 1119 600 deinde
1141 557 1384 613 triumphus
1412 557 1603 599 fuerunt.
1638 558 1755 600 uicto

210 637 254 670 et
282 628 467 683 supplici
495 643 647 683 pacem
675 635 924 684 partemque
959 628 1083 684 regni
1118 628 1211 670 dari
1238 627 1402 684 placuit
1441 642 1491 668 eo
1529 627 1751 678 libentius,

212 699 325 752 quod
347 704 436 739 tam
455 698 581 740 facile
602 698 814 740 cessisset.

598 846 749 888 XXV.
781 846 1029 888 BELLVM
1047 845 1355 887 AETOLVM.

214 968 387 1023 Syriaco
416 968 530 1009 bello
565 969 795 1019 successit,
833 977 893 1019 et,
915 969 1097 1011 debebat
1110 1000 1123 1018 ,
1161 968 1382 1009 Aetolum.
1443 967 1558 1010 uicto
1596 968 1754 1023 quippe
1779 988 1831 1024 11,
1855 976 1881 1015 9

213 1040 435 1080 Romanus
454 1038 670 1079 Antiocho
690 1028 803 1080 faces
823 1038 1005 1080 Asiatici
1023 1038 1128 1079 belli
1148 1038 1495 1092 persequebatur.
1530 1052 1630 1092 ergo
1651 1037 1752 1079 Ful-

212 1109 285 1150 uio
304 1107 516 1150 Nobiliori
536 1109 740 1149 mandata
768 1107 878 1149 ultio
905 1116 984 1150 est.
1018 1108 1090 1149 hic
1109 1107 1305 1163 protinus
1337 1114 1467 1161 caput
1486 1107 1629 1161 gentis
1649 1108 1752 1148 Am-

209 1178 424 1228 braciam,
456 1178 619 1235 regiam
647 1177 826 1233 l³yrrhi,
861 1177 1074 1219 machinis
1105 1177 1259 1232 quatit.
1302 1183 1449 1218 secuta
1479 1177 1640 1218 deditio
1670 1186 1749 1219 est.

211 1249 388 1290 aderant
422 1248 674 1290 Aetolorum
707 1248 904 1304 precibus
939 1247 1076 1289 Attici
1110 1247 1298 1297 Rhodii,
1345 1254 1387 1287 et
1421 1247 1752 1289 memineramus

212 1317 364 1371 auxilii
375 1335 387 1368 ;
422 1318 482 1359 sic
502 1318 666 1373 placuit
692 1318 927 1373 ignoscere.
962 1317 1116 1373 serpsit
1144 1324 1289 1359 tamen
1318 1317 1450 1358 latius
1470 1317 1517 1358 in
1536 1317 1752 1372 proximos

209 1388 374 1429 bellum
393 1403 648 1443 omnemque
668 1388 755 1430 late
776 1387 1104 1443 Cephalleniam
1124 1387 1379 1442 Zacynthon
1400 1394 1444 1428 et
1463 1387 1672 1442 quidquid
1686 1388 1751 1428 in-

213 1459 404 1500 sularum
424 1458 470 1498 in
491 1473 540 1499 eo
561 1458 669 1499 mari
689 1458 802 1499 inter
818 1458 1053 1499 Ceraunios
1073 1465 1242 1499 montes
1263 1457 1498 1511 iugumque
1529 1458 1746 1498 Maleum:

211 1529 355 1570 Aetoli
373 1528 477 1569 belli
499 1528 684 1570 accessio
705 1528 894 1569 fuerunt.

551 1675 726 1715 XXVI.
760 1675 1008 1717 BELLVM
1028 1674 1391 1715 HISTRICVM.

211 1798 355 1840 Histri
376 1805 579 1840 secuntur
597 1797 797 1846 Aetolos;
818 1795 978 1854 quippe
996 1796 1208 1837 bellantes
1224 1810 1296 1837 eos
1317 1811 1456 1852 nuper
1476 1796 1747 1838 adiuuerant.
1770 1812 1822 1848 11,
1847 1801 1897 1840 10

210 1876 253 1910 et
273 1868 398 1909 initia
417 1882 590 1923 pugnae
610 1867 726 1908 hosti
753 1881 954 1922 prospera
985 1866 1162 1907 fuerunt
1189 1867 1423 1921 eademque
1454 1866 1576 1908 exitii
1605 1881 1748 1908 causa.

211 1953 314 1979 nam
344 1953 443 1980 cum
470 1938 587 1980 Gnei
616 1937 773 1978 Manlii
793 1944 931 1978 castra
951 1935 1165 1990 cepissent
1194 1935 1445 1990 opimaeque
1473 1938 1656 1991 praedae
1685 1937 1751 1977 in-

210 2010 433 2059 cubarent,
456 2009 681 2064 epulantes
702 2022 751 2048 ac
770 2007 1033 2048 ludibundos
1052 2006 1301 2061 plerosque,
1324 2005 1398 2060 qui
1418 2013 1494 2047 aut
1514 2006 1589 2047 ubi
1610 2014 1753 2048 essent

209 2093 312 2134 prae
330 2079 496 2135 poculis
516 2078 778 2128 nescientes,
809 2076 978 2132 Appius
1010 2076 1198 2117 Pulcher
1227 2076 1411 2118 inuadit.
1445 2076 1505 2118 sic
1535 2091 1635 2117 cum
1655 2091 1751 2118 san-

210 2149 342 2203 guine
363 2157 406 2190 et
427 2148 581 2203 spiritu
599 2148 712 2189 male
731 2155 900 2203 partam
920 2160 1170 2187 reuomuere
1190 2146 1429 2188 uictoriam.
1459 2146 1551 2200 ipse
1571 2144 1652 2186 rexv
1666 2147 1750 2186 Ae-

210 2219 314 2275 pulo
345 2233 455 2273 equo
484 2217 696 2272 inpositus
709 2249 722 2267 ,
747 2231 846 2257 cum
867 2215 1049 2256 subinde
1069 2217 1245 2270 crapula
1266 2223 1309 2256 et
1329 2215 1481 2270 eapitis
1503 2229 1640 2256 errore
1661 2215 1751 2270 lap-

214 2295 350 2338 saret,
382 2295 557 2343 captum
584 2301 676 2331 sese
702 2286 780 2326 uix
809 2292 851 2326 et
880 2299 1029 2339 aegre,
1060 2292 1288 2340 postquam
1316 2285 1638 2339 expergefactus
1669 2292 1750 2334 est,

213 2357 376 2398 didicit.

216 2528 227 2559 1
250 2536 407 2570 purpora
421 2532 480 2560 BN
494 2524 506 2571 ΙΙ
523 2523 633 2558 ebure
648 2531 682 2558 N
695 2523 708 2570 ΙΙ
724 2522 938 2568 utrinusque
953 2529 987 2556 N
1001 2521 1013 2567 ss
1031 2523 1050 2556 2
1068 2521 1273 2557 uariauerat
1288 2530 1314 2557 Β
1340 2522 1352 2568 ΙΙ
1379 2522 1581 2570 praepidita
1595 2531 1632 2565 Β,
1652 2534 1752 2569 prae-

213 2581 290 2616 dita
304 2582 363 2627 ΝΙΙ
381 2583 401 2615 3
419 2584 629 2627 perruperat
643 2587 669 2614 B
685 2581 697 2625 11
715 2582 737 2613 4
754 2579 884 2614 dehinc
899 2586 934 2612 N
959 2578 970 2623 ss
998 2580 1017 2611 5
1034 2589 1158 2623 pacem
1174 2583 1283 2624 atque
1299 2584 1437 2625 partem
1454 2579 1558 2626 regni
1573 2587 1605 2614 N
1620 2579 1632 2625 ΙΙ
1651 2582 1669 2613 7
1688 2589 1752 2615 AF.-

213 2646 381 2672 '1'01010vu
396 2638 456 2683 Nu
474 2638 493 2670 8
512 2636 678 2682 syriatico
694 2635 754 2682 Nll
771 2634 962 2670 aetolicum
977 2642 1036 2668 BN
1050 2634 1061 2680 ΙΙ
1079 2636 1100 2668 9
1126 2635 1409 2681 persequabatur
1431 2644 1456 2670 Β
1474 2636 1485 2681 ΙΙ
1507 2637 1546 2668 14
1574 2635 1751 2681 cephalla-

214 2693 310 2727 niam
325 2700 370 2736 Β,
388 2693 611 2728 cefalleniam
627 2700 660 2726 N
674 2692 686 2738 ΙΙ
707 2693 748 2727 16
764 2691 907 2727 aetolici
922 2690 982 2737 Nl}
1003 2692 1042 2724 17
1061 2698 1284 2726 HYSTRIGVM
1301 2699 1327 2726 Β
1345 2692 1356 2738 ΙΙ
1379 2693 1418 2725 18
1437 2687 1613 2738 sequ'htur
1635 2700 1661 2726 Β
1678 2692 1689 2737 Ι]
1712 2694 1751 2725 19

176 2767 181 2771 -
212 2760 382 2795 prospera
397 2749 494 2785 hosti
508 2757 543 2784 N
556 2749 568 2794 ΙΙ
586 2748 729 2783 fuerant
742 2756 768 2783 Β
785 2748 797 2794 {1
815 2749 858 2782 20
875 2746 1013 2782 manilii
1027 2755 1054 2781 Β
1067 2772 1076 2789 ,
1094 2746 1195 2782 malii
1219 2755 1253 2782 N
1276 2746 1287 2794 ΙΙ
1315 2747 1542 2794 optimaeque
1566 2756 1598 2782 N
1614 2747 1625 2792 ΙΙ
1652 2748 1751 2782 incu-

213 2804 302 2839 bant
314 2813 341 2840 B
365 2806 377 2851 u
403 2808 442 2840 21
463 2805 672 2851 aepulantes
687 2813 713 2839 Β
740 2804 751 2850 Ι]
778 2803 841 2850 qui
856 2815 912 2838 om
928 2803 987 2849 ΝΙ
1005 2805 1048 2838 22
1066 2802 1096 2838 si
1111 2811 1137 2837 Β
1154 2802 1166 2849 Ι]
1184 2805 1227 2838 23
1244 2815 1516 2838 remouomuere
1532 2811 1564 2836 N
1580 2803 1591 2848 ss
1609 2803 1752 2847 Aepulo

213 2871 280 2905 edd
293 2875 389 2907 καί.-
421 2859 529 2916 affillo
545 2881 588 2915 Β,
624 2871 733 2918 apulo
759 2878 789 2905 N
814 2870 826 2917 ss
853 2873 894 2905 24
915 2870 1042 2916 capitis
1059 2876 1096 2905 et
1118 2870 1268 2905 iactaret
1290 2882 1408 2904 errore
1431 2869 1492 2915 ΝΗ
1510 2871 1552 2902 25
1570 2880 1753 2915 experrec-

213 2933 271 2962 tus
286 2935 320 2961 N
334 2929 345 2973 [ξ
