2002 3320
260 241 313 280 26
905 252 997 281 IVLI
1019 252 1147 281 FLom

602 352 703 392 XV.
737 351 980 393 BELLVM
1002 350 1447 393 SALLENTINVM.
1811 354 1844 393 Ι

140 518 147 525 .
187 476 240 515 20
263 473 490 515 Sallentini
520 472 767 514 Picentibus
796 472 931 514 additi
952 479 1168 527 caputque
1198 473 1382 527 regionis
1410 474 1690 516 Brundisium
1719 474 1783 515 in-

262 544 362 584 clito
391 550 518 597 portu
547 544 609 583 M.
634 542 768 583 Atilio
789 543 910 583 duce.
945 548 988 582 et
1015 541 1062 581 in
1092 541 1173 582 hoc
1201 543 1431 584 certamine
1461 543 1665 586 uictoriae
1692 559 1783 599 pre-

262 614 372 655 tium
392 613 601 667 templum
621 612 702 654 sibi
721 611 907 667 pastoria
926 612 1051 652 Pales
1072 611 1185 652 ultro
1205 612 1409 666 poposcit.

605 760 732 812 XVI.
765 758 1008 800 BELLVM
1029 756 1446 800 VOLSINIENSE.
1815 770 1833 800 5

191 886 234 924 21
267 884 475 925 Postremi
493 874 754 924 'Italicorum
788 881 834 921 in
871 882 1001 921 fidem
1041 893 1196 920 uenere
1229 879 1438 930 Volsinii,
1478 881 1788 935 opulentissimi

266 955 564 1002 Etruscorum,
587 951 847 1006 inplorantes
869 965 992 1005 opem
1022 951 1224 990 aduersus
1255 964 1398 991 seruos
1429 952 1643 1004 quondam
1672 966 1785 1002 suos,

266 1023 339 1077 qui
358 1022 599 1064 libertatem
620 1036 645 1062 a
665 1020 846 1062 dominis
869 1022 1012 1061 datam
1031 1019 1078 1060 in
1105 1019 1217 1072 ipsos
1248 1027 1468 1061 erexerant
1498 1021 1788 1074 translataque

265 1092 311 1132 in
332 1107 376 1133 se
396 1107 440 1134 re
460 1092 631 1147 publica
651 1090 992 1132 dominabantur.
1026 1090 1100 1130 sed
1127 1088 1173 1129 hi
1201 1103 1367 1144 quoque
1395 1090 1501 1130 duce
1522 1089 1653 1131 Fabio
1675 1090 1786 1131 Gur-

265 1162 353 1216 gite
372 1177 529 1218 poenas
550 1157 799 1204 dederunt.”
1791 1158 1855 1214 [Ι]

662 1285 815 1327 XVII.
850 1284 929 1324 DE
951 1283 1391 1325 SEDITIONIBVS.

191 1401 244 1439 22
266 1399 388 1439 Haec
409 1405 472 1439 est
503 1399 689 1439 secunda
718 1403 832 1437 aetas
863 1394 1012 1448 populi
1042 1393 1230 1436 Romani
1258 1401 1300 1436 et
1331 1394 1452 1448 quasi
1481 1394 1784 1444 adulescentia,

264 1483 348 1522 qua
366 1468 550 1509 maxime
570 1466 705 1508 uiruit
733 1472 775 1506 et
805 1466 995 1519 quodam'
1019 1465 1122 1506 flore
1143 1464 1318 1505 uirtutis
1349 1464 1506 1505 exarsit
1535 1479 1583 1504 ac
1612 1463 1783 1505 ferbuit.

264 1537 406 1591 itaque
427 1537 564 1578 inerat
585 1537 791 1591 quaedam
812 1535 950 1576 adhuc
971 1549 1024 1575 ex
1043 1534 1282 1588 pastoribus
1301 1533 1445 1575 feritas
1459 1565 1471 1583 ,
1495 1533 1698 1587 quiddam
1718 1534 1788 1574 ad-

264 1607 349 1646 huc
370 1606 555 1660 spirabat
584 1605 855 1646 indomitum.
888 1605 987 1645 inde
1016 1611 1103 1654 est,
1134 1606 1246 1659 quod
1276 1602 1485 1645 exercitus
1517 1603 1788 1644 Postumium
1818 1610 1859 1642 15

264 1676 576 1730 imperatorem,
598 1675 857 1716 infitiantem
877 1689 980 1728 quas
1001 1674 1250 1728 promiserat
1275 1675 1451 1728 praedas
1466 1705 1479 1722 ,
1508 1673 1620 1713 facta
1647 1671 1693 1712 in
1721 1687 1788 1712 ca-

266 1746 362 1787 stris
384 1746 590 1787 seditione
611 1744 843 1800 lapidauit3
868 1746 982 1798 quod
1002 1746 1080 1785 sub
1097 1744 1238 1798 Appio
1259 1743 1440 1786 Claudio
1459 1742 1599 1783 noluit
1619 1741 1789 1782 uincere

265 1815 446 1866 hostem,
470 1830 568 1856 cum
586 1821 751 1869 posset3
787 1816 900 1868 quod
931 1816 1037 1856 duce
1057 1814 1268 1856 Volerone
1289 1812 1622 1854 detractantibus
1642 1810 1789 1864 pleris-

265 1898 346 1938 que
365 1884 590 1935 mihtiam,
621 1885 745 1926 fracti
767 1884 952 1926 consulis
973 1884 1121 1925 fasces.
1154 1883 1253 1924 inde
1287 1882 1540 1923 clarissimos
1560 1880 1788 1935 principes,

265 1954 378 2007 quod
398 1955 723 1996 aduersarentur
742 1954 957 1995 uoluntati
987 1968 1103 2003 suae,
1127 1952 1370 1994 exulatione
1388 1951 1616 2000 multauit,
1639 1957 1688 1991 ut
1709 1951 1789 1991 Co·
1816 1956 1860 1989 20

263 2022 476 2064 riolanum
486 2025 622 2065 colere
634 2039 754 2078 agros
766 2024 985 2064 iubentem
997 2048 1049 2052 ——
1058 2037 1137 2063 nec
1146 2023 1289 2063 minus
1300 2022 1372 2062 ille
1381 2021 1575 2062 ferociter
1589 2019 1791 2060 iniuriam

265 2092 392 2133 armis
423 2093 682 2134 uindicasset
696 2125 709 2142 ,
741 2092 826 2134 nisi
846 2093 959 2146 quod
978 2092 1064 2132 iam
1081 2092 1334 2133 inferentem
1355 2091 1478 2144 signa
1495 2089 1634 2130 filium
1654 2095 1789 2129 mater

264 2162 443 2204 Veturia
457 2162 640 2203 lacrimis
660 2161 747 2203 suis
766 2162 1025 2211 exarmauit3
1046 2168 1095 2201 ut
1106 2161 1247 2214 ipsum
1256 2160 1504 2209 Camillum,
1517 2160 1630 2213 quod
1645 2158 1790 2213 inique

263 2232 374 2272 inter
389 2233 557 2286 plebem
572 2238 615 2272 et
631 2231 865 2272 exercitum
885 2231 1079 2272 diuisisse
1095 2230 1321 2272 Veientem
1335 2230 1535 2283 praedam
1555 2228 1785 2269 uideretur.

266 2303 340 2343 sed
359 2302 431 2343 hic
451 2301 653 2343 humilior
673 2301 775 2343 Veis
795 2301 842 2342 in
863 2308 987 2355 capta
1005 2302 1108 2342 urbe
1129 2299 1352 2341 consenuit
1382 2306 1424 2340 et
1455 2313 1556 2340 mox
1577 2297 1789 2352 supplices
1817 2304 1860 2337 25

263 2486 282 2517 2
301 2483 468 2517 salentini
487 2483 542 2518 b1¹¹
559 2484 571 2530 ss
589 2495 675 2518 uero
691 2483 894 2529 picentibus
909 2490 931 2516 Ι
945 2482 956 2528 ΙΙ
975 2486 1152 2527 caputque
1169 2480 1225 2515 his
1241 2479 1449 2526 regionibus
1465 2487 1516 2513 IN
1530 2479 1540 2525 ΙΙ
1559 2478 1692 2524 inclyto
1707 2478 1785 2519 1¹¹N,

263 2552 318 2573 om
334 2539 372 2574 ΙΡ
391 2539 401 2585 Η
421 2542 440 2573 3
458 2545 563 2584 portu
581 2539 680 2573 atilio
695 2547 732 2581 B,
751 2543 834 2584 post
848 2538 974 2573 uatilio
990 2547 1011 2572 Ι
1033 2538 1044 2584 ΙΙ
1063 2542 1099 2572 et
1115 2549 1169 2571 om
1184 2545 1210 2571 Β
1236 2537 1247 2582 Η
1271 2539 1291 2570 4
1316 2542 1458 2581 pastora
1475 2535 1528 2578 17¹,
1556 2539 1700 2581 pastura
1715 2534 1754 2569 1¹²
1772 2533 1784 2579 ΙΙ

264 2599 283 2629 5
300 2604 552 2630 VVLSINIENSE
567 2603 593 2629 B
625 2594 636 2639 H
670 2596 690 2628 6
714 2594 751 2628 in
775 2594 844 2628 fide
868 2606 1028 2628 mansere
1052 2593 1184 2628 uolsini
1208 2601 1241 2627 N
1265 2593 1275 2639 Η
1303 2592 1452 2627 uulsinii
1475 2601 1499 2626 Β
1526 2592 1537 2637 ΙΙ
1560 2594 1580 2625 9
1598 2602 1634 2624 se
1658 2602 1695 2624 re
1711 2601 1786 2635 rep.

262 2660 287 2685 Β
305 2651 316 2696 Η
338 2653 377 2685 12
394 2649 635 2685 adolescentia
649 2657 684 2690 B,
706 2649 942 2685 aduliscentia
957 2659 990 2684 N
1012 2650 1024 2696 H
1053 2652 1091 2684 13
1110 2650 1243 2684 exarsit
1259 2650 1324 2683 hac
1341 2649 1474 2683 ferbuit
1489 2656 1525 2689 B,
1545 2646 1677 2681 exarsit
1693 2650 1729 2679 et
1747 2657 1788 2680 ac

263 2707 396 2741 ferbuit
415 2715 449 2741 N
471 2706 483 2751 ΙΙ
511 2708 551 2740 14
569 2705 738 2750 quiddam
756 2706 913 2750 spirabat
927 2715 960 2739 N
975 2706 985 2751 ΙΙ
1007 2708 1047 2740 15
1064 2705 1283 2751 postumium
1309 2705 1380 2739 bN:
1412 2702 1656 2749 posthumium
1671 2709 1697 2735 Β
1715 2701 1726 2746 ΙΙ
1748 2704 1788 2736 16

263 2764 413 2809 proedas
429 2771 454 2797 B
472 2763 482 2807 ΙΙ
504 2764 544 2795 18
561 2761 737 2795 Volerone
759 2761 1015 2806 Cuspim'anus:
1033 2762 1200 2796 uelerone
1215 2770 1251 2802 Β,
1272 2760 1405 2795 ualerio
1422 2770 1553 2793 nerone
1569 2766 1602 2792 N
1623 2758 1634 2803 ΙΙ
1653 2758 1789 2792 detrac-

264 2819 360 2853 tibus
375 2827 401 2852 B
419 2818 429 2863 Η
452 2820 490 2851 19
508 2817 592 2851 inde
609 2817 707 2862 quod
723 2817 936 2851 clarissimos
952 2826 984 2851 Ν
999 2818 1009 2862 ΙΙ
1035 2818 1199 2862 princeps
1217 2817 1236 2850 b
1263 2817 1273 2861 Η
1299 2818 1338 2850 21
1360 2815 1494 2850 colores
1512 2814 1532 2848 b
1558 2814 1569 2859 ΙΙ
1595 2817 1636 2848 25
1654 2813 1717 2848 sed
1733 2814 1791 2848 hic

264 2874 434 2908 humilior
457 2872 733 2907 Mommsenius:
761 2873 823 2907 sed
840 2873 926 2907 haec
942 2873 1067 2907 melior
1083 2881 1128 2913 B,
1170 2873 1231 2907 sed
1248 2873 1306 2906 hic
1329 2871 1453 2906 melior
1468 2879 1501 2904 Ν
1526 2871 1536 2915 Η
1563 2870 1646 2905 Veis
1672 2870 1792 2905 Seebo-

266 2930 343 2964 dius
355 2944 366 2963 .-
384 2930 440 2964 uis
455 2937 491 2970 B,
512 2941 567 2963 om
583 2937 616 2963 N
630 2929 641 2973 ss
