2002 3320
340 213 437 249 XVI
989 223 1250 253 PRAEFATIO.

339 336 477 377 neque
498 323 685 363 multum
705 323 757 362 ab
778 322 859 363 1100
878 337 1032 377 genere
1053 324 1221 366 diuersa
1243 332 1345 366 sunt

339 407 367 446 Ρ
390 397 459 441 25,
487 398 503 432 1
529 392 778 433 fortissimas
809 400 957 447 gentes
989 395 1333 448 opulentissimas
1391 394 1641 437 fortissimas
1666 398 1791 439 urbes
1812 402 1851 439 B

528 463 653 503 urbes
673 466 722 503 N

406 537 473 582 38,
496 537 518 572 9
541 547 617 586 per
638 531 852 573 samnium
887 538 1026 572 totum
1055 547 1130 586 per
1151 534 1334 576 falernos
1392 549 1466 589 per
1495 536 1709 578 samnium
1738 551 1887 591 gaura-

558 616 851 656 gauranosque
875 605 925 642 N
1447 620 1609 660 nosque
1629 612 1668 646 B

339 679 555 727 praeterea
574 672 621 712 in
641 677 679 712 B
700 687 865 726 quoque
887 672 1142 727 quibusdam
1161 672 1264 714 locis
1284 687 1420 727 pauca
1438 677 1569 717 uerba
1590 676 1746 718 omissa
1766 684 1882 727 sunt,

340 750 390 784 ut
410 758 581 784 causam
602 742 851 783 oscitantiae
871 742 1038 783 nullam
1057 742 1297 792 uideamus,
1316 757 1344 797 Ρ
1368 747 1436 793 63,
1461 749 1512 784 26
1525 746 1739 788 Annibali
1755 747 1885 802 suffe-

340 814 498 863 cerint,·
525 818 592 863 85,
619 818 641 853 2
665 812 756 853 dita
776 827 904 860 nuce,·
931 817 999 862 85,
1015 817 1038 851 4
1060 827 1110 852 esc
1129 812 1383 863 obuiis-90,
1413 818 1461 854 18
1484 817 1759 865 ac——electi,·
1787 823 1882 866 100,

341 888 394 924 23
416 889 540 937 atque
559 882 809 930 naualium‚·
839 887 934 931 114,
960 886 982 922 8
1005 883 1067 923 ad
1083 882 1339 931 arbitrium;
1374 887 1469 934 118,
1496 887 1518 923 6
1540 898 1667 938 quam
1688 885 1891 939 imperia.

453 953 586 994 Hisce
608 952 740 1006 igitur
768 952 872 993 locis
901 952 1015 993 bona
1043 958 1190 993 nostra
1218 952 1390 993 fortuna
1418 968 1527 1008 quae
1557 954 1665 995 alter
1693 955 1887 996 codicum

339 1023 499 1065 omittit
520 1037 573 1063 ex
594 1023 725 1063 altero
746 1022 935 1076 suppleri
963 1029 1158 1076 possunt.
1203 1029 1246 1063 at
1275 1037 1303 1076 p
1327 1028 1442 1072 5,19
1475 1030 1622 1077 aperta
1649 1025 1805 1066 lacuna
1824 1033 1890 1068 est

338 1094 385 1134 in
404 1099 443 1134 B
471 1090 686 1148 ‘quattuor
702 1092 907 1147 qradibus
936 1107 1078 1133 romae
1099 1087 1244 1133 aetas'.
1288 1107 1397 1146 quae
1426 1093 1597 1147 expleta
1625 1094 1797 1148 quidem
1825 1102 1890 1138 est

337 1164 384 1204 in
404 1168 454 1205 N
473 1160 690 1218 ‘quattuor
707 1163 870 1217 qradus
890 1177 1193 1217 processusque
1213 1163 1411 1204 inueniet.
1445 1163 1595 1217 prima
1615 1159 1775 1213 aetas³‚·
1809 1167 1884 1207 sed

340 1249 439 1275 cum
457 1234 638 1274 uerbum
654 1232 859 1288 qradibus
875 1232 1137 1273 inmutatum
1159 1232 1229 1282 sit,
1252 1233 1396 1287 grauis
1418 1233 1552 1274 oritur
1571 1233 1756 1288 suspicio
1775 1235 1888 1276 hanc

340 1305 539 1345 lacunam
558 1303 619 1344 ita
640 1304 692 1344 ab
719 1302 1021 1357 interpolatore
1049 1302 1096 1343 in
1125 1306 1175 1343 N
1200 1303 1414 1356 expletam
1444 1318 1548 1344 esse.
1591 1304 1737 1358 paullo
1768 1304 1891 1346 aliter

338 1388 403 1415 res
435 1389 478 1415 se
507 1373 637 1414 habet
666 1388 694 1427 Ρ
717 1377 787 1422 48,
813 1377 881 1422 24,
916 1372 993 1413 ubi
1020 1379 1171 1413 neuter
1200 1373 1334 1413 codex
1362 1374 1493 1414 uerba
1519 1373 1733 1428 scriptoris
1761 1375 1890 1428 plena

340 1444 537 1492 exhibet,
576 1457 682 1496 quae
712 1457 765 1482 ex
794 1449 973 1496 utroque
1011 1443 1196 1495 quodam
1226 1443 1353 1483 modo
1387 1445 1666 1497 conponenda
1695 1444 1883 1486 fuerunt.

340 1513 500 1555 etenim
519 1512 566 1552 in
585 1517 624 1552 B
643 1511 748 1552 haec
769 1518 940 1552 tantum
959 1512 1163 1566 leguntur
1187 1508 1309 1566 ‘quia
1342 1512 1469 1566 uulqo
1480 1512 1706 1567 philippus
1731 1529 1887 1568 persae

324 1583 456 1638 filius
471 1576 730 1631 uocabatur',
750 1581 796 1621 in
812 1585 862 1623 N
874 1589 1017 1623 autem
1032 1578 1151 1636 ‘quia
1168 1582 1293 1636 uulqo
1304 1582 1529 1635 philippus
1545 1597 1595 1623 ex
1609 1583 1887 1627 similitudine

327 1652 523 1708 philippi
550 1651 889 1706 pseudofilippus
919 1646 1185 1692 uocabatur'.
1228 1666 1316 1692 non
1346 1651 1517 1692 uidetur
1546 1652 1734 1694 dubitari
1763 1668 1886 1709 posse

338 1723 443 1777 quin
463 1722 510 1762 in
531 1721 673 1762 codice
694 1722 878 1775 quodam
897 1721 1149 1775 perantiquo
1170 1722 1379 1775 quaedam
1395 1721 1514 1776 prius
1535 1722 1691 1764 omissa
1709 1730 1752 1765 et
1770 1731 1886 1778 post-

339 1807 390 1833 ea
409 1791 620 1846 adscripta
639 1791 815 1841 fuerint,
839 1806 1021 1845 quorum
1040 1806 1137 1845 pars
1159 1791 1206 1831 in
1226 1791 1382 1832 codicis
1403 1797 1456 1841 B,
1480 1792 1613 1833 altera
1631 1792 1795 1846 parsin
1815 1807 1883 1834 00-

337 1862 443 1903 dicis
481 1866 531 1903 N
565 1862 792 1916 archetypo
830 1861 991 1902 inserta
1027 1868 1104 1902 est.
1149 1876 1202 1902 ex
1238 1868 1422 1915 utroque
1452 1861 1568 1902 enim
1593 1855 1888 1916 reponendum

338 1939 427 1973 erat
448 1928 568 1987 ‘quia
589 1932 715 1986 uulqo
737 1946 786 1972 ex
805 1931 1084 1974 similitudine
1110 1923 1313 1985 Philippi
1329 1933 1490 1974 Persae
1504 1931 1605 1987 filii
1621 1921 1885 1984 Pseudophiss

339 2002 477 2057 lippus
501 1997 762 2043 uocabatur’.

449 2072 507 2113 Et
526 2072 607 2112 1100
628 2071 800 2126 quidem
826 2072 918 2112 1000
941 2078 1029 2111 tam
1055 2072 1163 2112 bene
1193 2072 1355 2113 factum
1384 2078 1448 2113 est
1476 2079 1535 2113 ut.
1554 2073 1661 2113 alter
1685 2070 1881 2112 codicum
1923 2062 1927 2065 .

337 2142 534 2196 suppleat
554 2142 667 2195 quod
686 2141 733 2182 in
754 2142 885 2182 altero
906 2141 1110 2183 omissum
1140 2149 1226 2191 est,
1260 2144 1334 2183 sed
1364 2142 1458 2183 aliis
1490 2142 1746 2196 quibusdam
1775 2141 1880 2183 locis

337 2219 515 2266 uterque
544 2211 591 2251 in
617 2211 773 2252 lacuna
800 2211 1088 2253 consentiunt.
1132 2211 1192 2253 ita
1218 2227 1246 2266 Ρ
1280 2216 1348 2262 28,
1374 2216 1396 2252 8
1419 2213 1471 2253 de
1493 2211 1651 2252 Maelio
1671 2212 1879 2265 quaedam

337 2282 542 2324 excidisse
563 2288 758 2336 apertum
777 2289 854 2323 est.
878 2296 906 2336 Ρ
931 2286 999 2331 34,
1026 2287 1047 2322 5
1067 2289 1163 2335 post
1183 2282 1295 2323 alias
1320 2283 1529 2336 quaedam
1545 2281 1723 2331 omissa,
1744 2295 1884 2336 neque

337 2368 436 2394 011111
469 2352 678 2394 Withofio
708 2351 798 2392 alia
830 2352 1060 2406 legendum
1091 2366 1180 2393 esse
1209 2352 1339 2393 totius
1379 2351 1462 2393 loci
1501 2351 1609 2392 ratio
1637 2351 1877 2405 persuadet.

335 2438 363 2477 Ρ
387 2428 455 2472 57,
481 2426 503 2462 3
525 2422 786 2463 desideratur
816 2436 962 2462 eorum
994 2421 1255 2463 enumeratio
1294 2437 1401 2476 quae
1431 2422 1475 2462 in
1505 2421 1629 2462 bonis
1648 2421 1775 2476 regiis
1793 2421 1883 2462 fue-

335 2492 435 2534 rint.
479 2507 508 2546 p
540 2496 607 2541 59,
646 2498 692 2532 17
732 2499 828 2546 post
863 2491 1094 2532 uenientem
1124 2494 1331 2546 quaedam
1362 2491 1568 2533 excidisse
1602 2497 1744 2545 patet,
1782 2504 1895 2532 cum,

334 2562 444 2603 illud
463 2561 693 2603 uenientem
714 2577 801 2602 non
821 2562 978 2602 habeat
999 2576 1082 2616 quo
1103 2562 1322 2603 referatur.
1366 2562 1495 2603 etiam
1514 2576 1543 2616 p
1566 2564 1634 2610 62,
1662 2565 1709 2600 17
1742 2566 1879 2601 atten-

335 2640 429 2674 tum
447 2633 650 2674 lectorem
668 2632 823 2672 lacuna
842 2632 987 2673 fallere
1008 2647 1095 2673 non
1115 2639 1268 2686 potest.
1294 2632 1355 2674 ibi
1369 2636 1458 2674 BN
1472 2632 1632 2673 habent
1648 2625 1882 2685 Jreqiaens-

335 2702 478 2758 quein
497 2703 732 2757 spectaculo
762 2716 906 2742 rumor
937 2701 1142 2743 uictoriae
1163 2703 1386 2744 cimbricae
1412 2700 1607 2757 feliciter
1629 2694 1767 2740 dixit'.
1809 2699 1881 2740 hic

335 2773 511 2814 offendit
539 2772 625 2814 iam
657 2773 768 2826 quod
798 2786 942 2812 rumor
965 2766 1174 2811 ‘feliciter'
1220 2772 1349 2822 dicit,
1386 2770 1431 2811 id
1459 2770 1572 2823 quod
1600 2783 1679 2810 nec
1708 2769 1884 2810 Florum

335 2858 487 2884 ausum
508 2857 598 2884 esse
619 2843 764 2892 credo3
797 2841 927 2882 etiam
956 2840 1130 2895 grauius
1161 2848 1247 2890 est,
1281 2841 1394 2896 quod
1423 2853 1571 2880 sensus
1602 2853 1779 2880 mancus
1800 2845 1878 2880 est.

335 2914 481 2954 statim
492 2913 607 2955 enim
617 2911 734 2955 addit
745 2907 915 2967 ‘quippe
923 2911 1041 2954 uelut
1053 2911 1166 2953 elata
1177 2911 1382 2953 ”tontibus
1398 2909 1487 2951 suis
1498 2910 1638 2951 Roma
1649 2908 1882 2964 spectaculo
