2002 3320
834 237 1097 268 PRAEFATIO.
1596 227 1757 264 XXVII

198 340 300 382 urbe
320 353 521 389 romana,
555 337 644 379 illic
672 351 896 380 romanam
924 339 1068 379 urbem
1088 338 1335 392 praebeant.
1382 350 1505 392 porro
1536 335 1624 377 PB
1652 343 1756 377 nota

198 410 392 452 adhibita
410 407 495 450 fuit
515 409 569 450 ad
588 409 800 463 populum
818 409 1067 450 Romanum
1087 408 1419 463 significandum
1433 407 1556 448 nullo
1575 419 1754 448 casuum

197 479 441 522 discrimine
460 479 588 520 facto.
621 478 768 533 itaque
788 493 816 533 p
843 484 937 528 111,
962 484 1009 520 15
1031 479 1078 520 in
1098 483 1148 520 N
1163 486 1277 519 recte
1297 477 1503 532 scriptum
1523 484 1587 518 est
1598 476 1756 531 populi

194 549 376 599 romans,
400 549 446 590 in
466 555 506 591 B
524 563 626 590 uero
643 549 831 603 populus
851 563 1083 601 romanus..
1100 563 1228 604 quam
1257 547 1575 603 neglegentiam
1602 554 1752 602 postea

194 620 326 662 etiam
345 619 694 675 interpolationes
714 619 928 674 peperisse
948 633 1076 661 nemo
1094 619 1336 661 mirabitur.
1388 632 1417 672 p
1454 621 1548 667 123,
1573 621 1596 656 9
1620 617 1750 671 scrip-

195 698 288 732 tum
308 690 392 731 fuit
421 690 604 732 formula
634 689 790 731 totiens
820 704 847 731 a
866 690 990 732 Floro
1011 690 1171 732 usitata
1190 688 1390 730 uictorem
1415 687 1605 742 qentium
1632 687 1720 728 PR
1729 704 1747 735 ,-

191 768 419 815 postquam
439 761 526 801 PR
555 774 581 800 a
607 760 781 801 librario
809 761 972 802 lectum
999 760 1083 802 fuit
1108 759 1264 814 populi
1291 755 1461 799 romani
1484 770 1748 811 consequens

177 824 280 872 'erat
299 845 375 885 pro
398 830 598 871 uictorem
620 830 801 871 scribere
821 831 1045 873 uictoriam
1065 837 1115 871 ut
1133 829 1181 870 in
1210 834 1261 871 N
1284 830 1447 871 factum
1477 834 1556 869 est.
1599 827 1750 868 eodem

189 902 316 942 modo
336 907 561 955 peccatum
582 907 647 942 est
666 900 713 941 in
734 906 773 941 B
791 915 820 956 p
843 906 913 951 24,
938 905 990 941 28
1004 932 1017 950 ‚
1050 899 1127 942 ubi
1155 914 1255 942 cum
1283 898 1482 940 librarius
1511 897 1750 939 inuenisset

188 972 389 1013 uictorem
411 971 499 1012 PR
520 977 563 1011 et
583 970 756 1024 legisset
774 970 933 1024 populi
950 971 1143 1020 romani,
1176 971 1358 1011 uerbum
1385 968 1593 1010 excidisse
1627 973 1748 1009 ratus

187 1043 303 1083 unde
322 1048 449 1095 aptus
478 1047 590 1080 esset
618 1040 846 1093 genetiuus
858 1070 871 1090 ,
913 1039 1084 1094 scripsit
1110 1040 1311 1082 uictorem
1342 1038 1569 1081 exercitum
1594 1036 1751 1092 populi

185 1111 368 1152 romani.
399 1124 484 1165 qua
505 1109 804 1152 obseruatione
824 1124 930 1152 usus
950 1125 1047 1152 sum
1068 1111 1121 1152 ad
1149 1110 1439 1151 coniecturam
1458 1109 1511 1149 de
1531 1108 1625 1149 loco
1644 1120 1747 1161 quo-

186 1182 287 1222 dam
307 1180 566 1229 faciendam,
589 1194 698 1233 quae
717 1180 864 1222 nescio
885 1195 942 1222 an
959 1180 1090 1222 nimis
1111 1182 1253 1222 audax
1263 1180 1520 1235 quibusdam
1531 1178 1742 1219 uideatur.

185 1250 347 1293 etenim
365 1267 395 1308 p
420 1257 488 1303 38,
517 1259 565 1294 15
586 1253 692 1294 haec
711 1251 758 1292 in
777 1255 818 1292 B
835 1251 1041 1306 leguntur

297 1323 494 1378 quamuis
515 1329 603 1365 tum
619 1324 767 1377 pudor
786 1321 940 1364 seruili
948 1327 1168 1376 puqnaret
1187 1320 1372 1362 exercitu

183 1406 291 1447 quae
310 1393 373 1434 ita
393 1393 523 1435 tradit
543 1397 594 1435 N

297 1464 496 1518 quamuis
519 1469 606 1505 tum
627 1478 650 1504 o
662 1465 812 1518 pudor
831 1477 982 1504 manus
1002 1462 1394 1517 seruilipuqnaret.

184 1533 335 1587 atquin
354 1534 507 1575 nullus
527 1533 599 1574 hic
619 1534 774 1588 pudori
794 1534 912 1575 locus
933 1547 1024 1574 esse
1044 1532 1241 1582 uidetur,
1276 1532 1353 1573 ubi
1381 1531 1524 1573 omnia
1554 1531 1743 1572 referun—

186 1610 255 1646 tur
293 1617 402 1658 quae
437 1604 587 1658 populi
625 1604 814 1645 Romani
839 1604 993 1645 fortem
1022 1610 1066 1644 et
1094 1611 1289 1644 tenacem
1316 1602 1524 1657 propositi
1552 1602 1746 1643 animum
1771 1597 1775 1603 ’

185 1680 314 1727 atque
345 1670 612 1715 ‘horribilem
641 1669 858 1716 fiduciam'
895 1680 1132 1725 testantur;
1184 1687 1325 1727 neque
1353 1686 1456 1714 uero
1492 1673 1744 1727 pudendum

184 1750 274 1785 erat
293 1758 440 1786 eorum
460 1743 671 1786 auxilium
691 1744 767 1799 qui
789 1740 860 1786 ‘de
881 1744 1016 1786 seruis
1037 1758 1081 1785 se
1102 1743 1264 1784 uirtute
1283 1744 1502 1784 Romanos
1523 1737 1738 1783 fecerant’.

185 1813 349 1855 accedit
368 1816 484 1869 quod
503 1815 655 1857 Florus
684 1829 713 1870 p
739 1820 805 1865 15,
834 1821 850 1856 1
885 1829 1026 1869 neque
1051 1815 1198 1868 pudor
1224 1826 1366 1868 neque
1396 1828 1419 1854 o
1439 1813 1587 1867 pudor
1613 1812 1740 1862 dixit,

184 1898 335 1925 uerum
355 1898 442 1938 pro
461 1887 621 1940 pudor.
673 1884 819 1940 itaque
847 1884 939 1926 ueri
960 1884 1145 1939 speciem
1165 1883 1322 1925 habere
1341 1883 1451 1924 mihi
1471 1883 1566 1925 uisa
1586 1890 1651 1924 est
1671 1897 1741 1924 su-

183 1954 340 2008 spicio,
383 1955 588 1997 lectiones
617 1957 764 2010 pudor
810 1962 854 1996 et
893 1971 916 1996 o
946 1957 1092 2010 pudor
1129 1968 1280 1996 manus
1307 1956 1486 1996 suadere
1498 1984 1511 2004 ,
1535 1953 1742 2008 scriptum

182 2024 314 2066 fuisse
335 2025 438 2067 olim
452 2026 637 2080 populus
657 2039 880 2076 romanus,
913 2027 1025 2080 quod
1047 2039 1177 2080 quam
1196 2023 1385 2080 grauiter
1404 2030 1623 2078 repetatur
1643 2030 1742 2065 ante

181 2095 334 2137 seruili
351 2096 537 2138 exercitu
556 2111 644 2138 non
665 2104 730 2137 est
750 2097 864 2150 quod
893 2109 1107 2138 moneam.
1142 2095 1298 2137 deinde
1313 2095 1449 2149 imper
1464 2094 1595 2135 etiam
1610 2094 1741 2148 serip-

182 2173 276 2206 tum
297 2165 430 2208 fuisse
449 2165 621 2208 uidetur
640 2162 717 2221 pro
750 2166 892 2208 uerbis
927 2165 1151 2220 imperium
1187 2173 1315 2220 atque
1350 2165 1601 2218 imperator,
1646 2164 1693 2205 cf
1712 2179 1741 2218 p

188 2240 291 2285 113,
337 2242 402 2277 15.
428 2236 575 2291 itaque
614 2251 714 2278 cum
757 2250 786 2290 p
828 2240 897 2286 63,
947 2242 964 2278 1
1015 2236 1223 2290 scriptum
1269 2235 1421 2276 fuisset
1472 2234 1642 2275 interim
1662 2248 1741 2288 pe-

182 2302 346 2355 ridEne,
370 2305 416 2347 id
435 2306 482 2347 in
502 2312 541 2347 B
558 2306 622 2347 ita
641 2314 891 2361 corruptum
911 2314 976 2348 est
985 2306 1097 2347 inter
1117 2306 1251 2359 imper
1271 2304 1495 2358 imperium
1516 2305 1659 2353 donec,
1673 2317 1740 2344 ac-

183 2376 360 2416 cedente
378 2376 632 2430 repetitione
653 2378 885 2418 earundem
905 2377 1161 2425 litterarum,
1185 2389 1270 2430 qua
1288 2374 1400 2415 nihil
1428 2374 1476 2414 in
1496 2374 1578 2416 hoc
1597 2375 1741 2415 codice

182 2445 448 2500 frequentius
469 2453 547 2487 est.
580 2446 682 2488 inde
702 2448 1007 2502 explicandum
1026 2446 1199 2487 uidetur
1218 2446 1333 2500 quod
1351 2459 1381 2500 p
1403 2449 1473 2494 89,
1498 2449 1521 2485 2
1543 2458 1620 2499 pro
1641 2445 1741 2486 sim-

181 2516 285 2571 plici
305 2516 537 2571 imperator
555 2516 602 2557 in
621 2520 671 2558 N
686 2517 845 2572 legitur
874 2517 1003 2558 miser
1027 2517 1271 2571 imperator.
1324 2515 1460 2570 imper
1485 2515 1601 2556 enim
1624 2522 1740 2570 post-

182 2599 312 2641 quam
340 2594 588 2642 corruptum
623 2593 689 2628 est
722 2586 770 2628 in
803 2587 932 2628 miser
966 2595 1114 2642 postea
1142 2594 1325 2641 utraque
1354 2586 1481 2628 lectio
1510 2586 1741 2627 coniuncta

182 2663 270 2706 est3
295 2671 380 2711 quo
401 2658 454 2698 de
474 2671 630 2712 genere
650 2657 737 2698 iam
757 2658 922 2699 dictum
941 2665 1022 2699 est.
1055 2664 1232 2712 apparet
1252 2657 1339 2698 iam
1369 2671 1499 2711 quam
1528 2656 1742 2711 probabili

182 2727 427 2768 coniectura
454 2727 678 2781 Hauptius
710 2741 739 2782 p
769 2732 838 2778 43,
873 2733 925 2769 27
963 2727 1255 2769 emendauerit
1290 2727 1521 2781 imperator
1548 2717 1746 2768 Annibal

182 2810 259 2851 pro
279 2811 329 2839 eo
349 2799 464 2852 quod
483 2801 572 2839 BN
596 2797 758 2839 habent
778 2799 908 2840 miser
926 2798 1143 2848 Annibal,
1178 2798 1222 2839 id
1244 2799 1359 2852 quod
1379 2811 1429 2838 eo
1455 2798 1549 2838 loco
1568 2810 1741 2850 prorsus

182 2866 378 2921 ineptum
397 2875 463 2909 est
474 2885 486 2918 3
511 2875 555 2910 et
575 2882 678 2910 sane
699 2882 796 2910 eam
815 2868 1001 2924 recipere
1021 2870 1266 2911 debueram.
1291 2867 1475 2921 denique
1495 2880 1524 2920 p
1549 2872 1588 2915 7,
1618 2870 1666 2906 13
1689 2879 1742 2906 ex

180 2949 294 2986 nom,
317 2937 432 2991 quod
451 2945 543 2980 erat
561 2939 748 2990 nomine,
780 2940 943 2981 factum
963 2947 1029 2982 est
1055 2953 1153 2981 non.
1197 2939 1270 2980 sed
1299 2937 1399 2978 nolo
1431 2936 1537 2978 haec
1570 2935 1743 2990 longius
