2002 3320
689 256 886 286 ErrrouA
907 255 943 291 1‚‘
963 249 1087 282 8—-10
1111 241 1308 297 [la—15}
1708 242 1758 279 19

180 360 210 399 Ι
232 358 373 413 gulari
391 356 620 399 certamine
641 355 831 397 Manlius
852 366 1030 397 aureum
1059 359 1253 407 torquem
1278 353 1458 394 barbaro
1486 353 1598 393 inter
1625 351 1761 406 spolia

229 427 428 477 detraxit,
450 427 565 474 unde
585 425 805 480 Torquati.
839 424 996 466 iterum
1024 423 1255 477 Pomptino
1283 436 1384 477 agro
1399 453 1412 472 ,
1444 437 1543 464 cum
1562 422 1610 463 in
1630 420 1761 463 simili

229 512 375 553 pugna
388 496 602 545 Valerius,
625 494 837 536 insidente
853 494 999 548 galeae
1015 508 1133 534 sacra
1148 493 1248 534 alite
1265 492 1452 542 adiums,
1476 491 1577 532 tulit
1598 491 1757 545 spoli-<13

229 575 273 609 et
292 567 392 608 inde
413 565 604 608 Coruini.
639 579 718 606 nec
737 579 825 605 non
846 571 990 605 tamen
1018 571 1114 618 post
1143 562 1304 616 aliquot
1333 576 1467 603 annos
1497 561 1635 602 omnis
1666 560 1761 601 reli-

185 648 204 679 5
233 637 353 692 quias
374 651 521 678 eorum
536 636 596 676 in
616 634 789 676 Etruria
809 634 862 674 ad
887 634 1030 674 lacum
1049 631 1300 675 Vadimonis
1328 631 1555 673 Dolabella
1584 629 1760 678 deleuit,

229 722 284 750 ne
305 707 398 764 quis
420 713 583 748 extaret
603 719 657 746 ex
677 719 727 746 ea
745 710 873 759 gente
887 735 899 752 ,
931 703 1005 758 qui
1025 703 1244 743 incensam
1274 715 1298 741 a
1326 715 1370 742 se
1400 701 1584 741 Romam
1613 701 1763 740 urbem
1833 730 1837 735 .

165 773 519 835 [I]gloriaretur.u

165 1143 207 1174 10

167 1491 209 1523 15

167 1981 211 2013 20

619 934 775 976 V1111.
808 933 1054 975 BELLVM
1076 932 1385 989 LATINVM„

232 1066 475 1107 Conuersus
511 1077 535 1103 a
570 1061 709 1103 Gallis
743 1061 791 1101 in
819 1060 996 1101 Latinos
1026 1059 1192 1100 Manlio
1223 1060 1439 1113 Torquato
1469 1060 1603 1100 Decio
1638 1061 1764 1101 Mure
1791 1056 1843 1094 14

233 1132 480 1174 consulibus
493 1163 506 1181 ,
543 1145 710 1185 semper
729 1129 901 1184 quidem
921 1129 1206 1170 aemulatione
1234 1127 1404 1183 imperii
1433 1128 1636 1179 infestos,
1672 1137 1766 1170 tum

233 1217 335 1244 uero
355 1208 605 1256 contemptu
623 1200 740 1242 urbis
761 1200 975 1250 incensae,
999 1214 1098 1240 cum
1117 1198 1184 1240 ius
1205 1197 1393 1240 ciuitatis
1413 1198 1506 1252 pari
1526 1198 1704 1253 imperio
1726 1207 1768 1240 et

231 1272 485 1328 magistratu
504 1277 748 1326 poscerent,
781 1276 885 1324 aput
905 1270 1099 1324 Capuam
1117 1268 1288 1323 proeliis
1318 1268 1518 1323 congredi
1545 1269 1765 1310 audentes.

233 1357 317 1398 quo
338 1350 526 1396 tempore
546 1340 640 1396 quis
661 1339 835 1381 cessisse
854 1339 1023 1381 hostem
1036 1338 1285 1380 mirabitur?
1307 1353 1405 1379 cum
1420 1328 1527 1379 alter
1546 1339 1770 1379 consulum

235 1413 375 1454 filium
396 1426 545 1460 suum,
569 1410 668 1465 quia
688 1418 836 1452 contra
854 1410 1082 1464 imperium
1101 1415 1393 1463 pugnauerat,
1417 1408 1613 1462 quamuis
1634 1408 1768 1449 uicto-

237 1497 327 1524 rem
356 1480 556 1523 occiderit
585 1479 899 1533 ostenderitque
926 1480 1023 1533 plus
1044 1479 1091 1519 in
1110 1477 1288 1532 imperio
1308 1491 1399 1518 esse
1419 1492 1549 1531 quam
1568 1477 1615 1518 in
1634 1477 1768 1518 uicto-

235 1546 321 1601 ria}
347 1552 453 1592 alter
473 1550 595 1604 quasi
608 1549 778 1591 monitu
797 1550 973 1590 deorum
992 1548 1131 1603 capite
1152 1547 1294 1588 uelato
1313 1546 1495 1601 primam
1515 1554 1614 1588 ante
1635 1547 1770 1588 aciem

237 1621 303 1662 dis
330 1620 529 1661 manibus
549 1634 594 1660 se
615 1619 862 1668 deuouerit‚
893 1626 942 1660 ut
976 1619 1023 1659 in
1052 1616 1363 1660 confertissima
1389 1630 1434 1657 se
1463 1616 1654 1657 hostium
1684 1617 1770 1658 tela

237 1689 447 1732 iaculatus
467 1703 630 1730 nouum
651 1690 706 1730 ad
724 1689 949 1730 uictoriam
968 1688 1049 1730 iter
1069 1686 1289 1742 sanguinis
1306 1687 1373 1728 sui
1392 1686 1529 1728 limite
1551 1687 1746 1740 aperiret.

677 1850 737 1889 X.
770 1849 1016 1891 BELLVM
1039 1847 1328 1890 SABINVM.

238 1975 279 2014 A
307 1972 473 2014 Latinis
508 1973 732 2026 adgressus
768 1979 833 2013 est
865 1979 1041 2026 gentem
1076 1970 1334 2012 Sabinorum
1349 2002 1363 2020 ,
1400 1971 1474 2025 qui
1503 1970 1771 2011 immemores

237 2043 373 2084 factae
404 2043 483 2083 sub
504 2041 603 2082 Tito
624 2041 748 2082 Tatio
777 2041 1011 2083 adfinitatis
1042 2042 1226 2095 quodam
1255 2040 1452 2095 contagio
1481 2040 1605 2081 bellis
1626 2055 1670 2081 se
1692 2042 1771 2081 La—

240 2112 343 2154 tinis
378 2111 700 2171 adiuncxerant.
749 2112 824 2152 sed
859 2111 991 2153 Curio
1034 2111 1223 2151 Dentato
1258 2110 1433 2151 consule
1469 2125 1639 2151 omnem
1674 2124 1773 2150 eum

241 2188 446 2231 tractum,
484 2196 568 2235 qua
595 2182 688 2223 Nar
713 2180 853 2230 Anio,
889 2180 1028 2221 fontes
1048 2179 1221 2237 Velini,
1258 2179 1482 2220 Hadriano
1514 2187 1637 2220 tenus
1667 2179 1774 2219 mari

241 2251 332 2309 igni
351 2251 543 2304 ferroque
563 2250 767 2291 uastauit.
802 2264 886 2303 qua
915 2249 1095 2290 uictoria
1125 2256 1295 2289 tantum
1323 2247 1549 2289 hominum
1563 2280 1574 2296 ‚
1605 2256 1774 2293 tantum

244 2441 263 2472 2
280 2437 364 2472 inde
377 2444 410 2471 N
434 2438 444 2482 11
470 2442 659 2483 torquatus
675 2438 793 2472 dictus
818 2442 873 2472 est
888 2445 910 2472 Ι
933 2438 944 2482 11
970 2439 989 2471 3
1008 2437 1021 2471 l
1039 2436 1195 2471 ualerius
1211 2443 1244 2470 N
1264 2436 1276 2481 11
1300 2436 1424 2471 retulit
1438 2444 1490 2471 IN
1511 2438 1523 2482 11
1547 2439 1568 2470 4
1586 2437 1776 2483 dictusque

243 2499 298 2528 est
313 2494 389 2538 ipse
404 2493 601 2528 coruinusl
615 2494 627 2539 11
645 2493 837 2527 coruiniiN
851 2493 862 2539 11
880 2493 1027 2539 aliquod
1035 2493 1087 2527 Nb
1105 2493 1116 2538 11
1134 2503 1257 2527 omnes
1273 2500 1323 2526 IN
1336 2492 1347 2537 11
1367 2495 1386 2526 5
1404 2492 1622 2527 uadimontis
1637 2502 1658 2527 Ι
1672 2494 1683 2538 11
1701 2496 1722 2528 6
1740 2494 1779 2527 in

243 2561 285 2584 ea
300 2558 333 2583 N
347 2550 358 2595 11
377 2549 438 2595 qui
454 2550 514 2583 1¹⁰:
540 2561 631 2595 quae
646 2548 741 2583 1⁹le
754 2550 766 2595 11
783 2550 983 2583 Romanam
998 2557 1075 2583 ΒΙΝ
1087 2549 1099 2594 11
1120 2551 1160 2582 10
1178 2548 1325 2583 consule
1339 2557 1384 2590 Β,
1405 2560 1478 2583 coe.
1493 2557 1527 2582 N
1541 2549 1552 2594 11
1583 2551 1619 2583 11
1640 2555 1777 2595 partem

245 2605 385 2651 imperii
412 2613 446 2639 N
459 2606 471 2650 11
493 2607 532 2639 12
550 2605 762 2651 magistratu
778 2604 1055 2639 Momm-maius.-
1080 2604 1331 2650 magistratum
1345 2612 1388 2645 Β,
1409 2604 1685 2650 magistratuum
1701 2613 1731 2639 N
1749 2609 1759 2649 11

243 2666 332 2706 aput
348 2661 506 2706 Capuam
522 2661 650 2706 scripsi
657 2674 669 2694 .·
702 2661 800 2706 apud
816 2671 923 2706 quam
938 2668 964 2694 Β
976 2686 985 2702 ,
1005 2664 1094 2706 aput
1109 2671 1217 2706 quam
1231 2667 1263 2695 N
1281 2661 1301 2711 11
1328 2660 1474 2705 proeliis
1498 2660 1754 2695 Dlommsem‘us
1765 2675 1775 2693 .-

244 2717 397 2762 amplius
412 2725 438 2751 Β
448 2742 457 2758 ,
476 2716 630 2762 amplius
647 2727 754 2762 quam
769 2723 803 2750 N
816 2716 828 2761 11
845 2716 1019 2750 audentes
1035 2716 1312 2750 Mammeniua:
1337 2716 1512 2750 auderent
1526 2724 1584 2750 ΒΝ
1598 2718 1609 2761 11
1633 2719 1671 2749 14
1687 2728 1776 2761 pug-

243 2769 392 2807 nauerat
409 2783 453 2813 ς.·
469 2777 735 2818 repugnauerat
747 2779 783 2813 Β,
804 2772 1022 2818 pugnauerit
1035 2779 1070 2806 N
1091 2772 1103 2817 11
1130 2774 1171 2806 15
1188 2772 1359 2806 occiderit
1375 2772 1460 2817 quia
1474 2771 1557 2816 plus
1574 2772 1611 2805 in
1628 2770 1777 2815 imperio

245 2831 339 2861 esset
362 2835 395 2861 N
417 2828 428 2873 11
445 2827 749 2872 hostenderetque
764 2836 790 2862 Β
807 2828 818 2873 11
840 2829 878 2861 17
895 2839 933 2862 se
957 2828 1162 2862 deuoluerit
1177 2828 1215 2862 in
1231 2835 1264 2862 Ν
1278 2828 1290 2873 11
1311 2829 1351 2861 18
1368 2827 1482 2861 limite
1497 2835 1544 2859 Β.·
1562 2826 1687 2860 semita
1703 2834 1736 2860 N
1749 2827 1761 2871 11

247 2883 286 2916 21
314 2883 527 2928 contagione
548 2891 582 2918 Ν
604 2884 616 2929 11
644 2886 686 2918 22
704 2884 938 2918 adiuncxerat
960 2891 986 2917 Β
1003 2884 1014 2928 11
1032 2883 1191 2918 demtato
1215 2890 1248 2918 N
1262 2885 1273 2929 11
1292 2885 1335 2917 23
1359 2883 1548 2926 fontesque
1564 2889 1597 2915 Ν
1611 2882 1621 2925 11
1640 2881 1780 2916 hadria—

249 2937 321 2970 tico
337 2942 459 2972 tentus
474 2946 508 2972 Ν
521 2939 533 2983 11
550 2941 591 2973 24
620 2940 703 2984 igne
728 2948 761 2973 N
775 2940 786 2985 11
810 2939 968 2974 uastabit
983 2948 1008 2972 B
1025 2940 1036 2985 11
1054 2944 1196 2973 tantum
1215 2939 1401 2972 hominum
1418 2949 1473 2970 om
1490 2945 1516 2970 B
1533 2938 1544 2981 11

1502 2994 1554 3032 2*

1800 1970 1851 2007 15
