2002 3320
255 206 309 246 90
898 222 990 250 ivm
1013 222 1142 251 nom

258 327 526 362 antecessum
547 319 756 373 sanguine
776 327 948 362 senatus
969 320 1052 363 sibi
1071 322 1378 374 parentabant,
1402 322 1655 379 obsessaque
1675 321 1793 362 curia

259 390 319 432 sic
340 391 391 431 de
409 396 562 430 senatu
577 388 699 442 quasi
714 390 766 429 de
787 403 950 432 carcere
970 389 1044 443 qui
1063 390 1360 444 iugularentur
1379 391 1536 433 educti.
1582 397 1791 445 quantum

259 459 458 501 funerum
478 459 524 500 in
544 459 656 508 foro,
681 458 726 499 in
748 458 873 508 circo,
896 458 943 500 in
961 459 1251 513 penetralibus
1272 460 1468 515 templis?
1498 476 1600 503 nam
1620 460 1792 502 Mucius

263 530 469 572 Scaeuola
503 528 699 584 pontifex
728 528 915 571 Vestalis
953 529 1176 583 amplexus
1205 544 1298 571 aras
1326 537 1498 572 tantum
1527 546 1615 572 non
1645 532 1794 572 eodem

261 599 361 654 igne
391 599 610 654 sepelitur.
644 599 908 653 Lamponius
937 606 1064 653 atque
1094 599 1341 650 Telesinus,
1375 600 1618 642 Samnitum
1644 602 1790 650 duces,
1823 609 1842 640 5

263 669 445 712 atrocius
468 669 633 724 Pyrrho
653 676 696 710 et
715 669 930 711 Annibale
951 669 1233 723 Campaniam
1260 670 1558 724 Etruriamque
1584 671 1793 725 populan-

264 748 357 789 tur,
382 746 424 782 et
446 739 524 780 sub
546 739 684 793 specie
704 739 892 793 partium
913 754 957 781 se
978 739 1217 781 uindicant.
1249 742 1364 795 apud
1384 740 1675 794 Sacriportum
1697 741 1794 783 Col-

263 809 480 863 linamque
500 816 666 863 portam
687 810 922 851 debellatae
943 824 1089 851 omnes
1109 810 1298 852 hostium
1321 810 1467 865 copiae
1478 827 1490 860 ;
1524 810 1585 852 ibi
1613 811 1793 860 Marius,

264 879 335 922 hic
356 879 580 921 Telesinus
603 879 806 934 oppressi.
839 895 919 923 nec
938 880 1055 922 idem
1075 888 1219 922 tamen
1240 880 1434 922 caedium
1465 881 1539 935 qui
1567 880 1671 922 belli
1698 879 1797 921 finis

264 950 362 991 fuit.
388 949 524 991 stricti
543 949 662 991 enim
683 956 725 991 et
744 949 789 991 in
805 965 909 1004 pace
924 950 1074 1005 gladii,
1097 950 1526 1005 animaduersumque
1545 950 1592 992 in
1613 965 1700 1000 eos,
1722 949 1798 1004 qui
1828 957 1869 990 10

267 1035 311 1071 se
331 1027 483 1074 sponte
503 1020 768 1063 dediderant.
802 1021 946 1062 minus
968 1027 1031 1062 est
1044 1052 1057 1070 ,
1089 1022 1203 1075 quod
1224 1028 1328 1075 aput
1350 1020 1663 1076 Sacriportum,
1695 1026 1800 1074 aput

268 1090 484 1132 Collinam
523 1090 798 1144 septuaginta
839 1090 1024 1144 amplius
1069 1091 1191 1132 milia
1228 1091 1350 1132 Sulla
1385 1091 1590 1132 concidit:
1638 1090 1800 1132 bellum

269 1167 372 1203 erat.
415 1167 615 1214 quattuor
643 1159 765 1201 milia
792 1160 1034 1202 deditorum
1062 1160 1292 1202 inermium
1321 1160 1482 1202 ciuium
1511 1160 1558 1201 in
1587 1160 1693 1202 uilla
1721 1174 1799 1213 pu-

267 1230 381 1272 blica
399 1230 583 1273 interfici
601 1230 749 1272 iussit:
783 1230 857 1272 isti
884 1237 948 1271 tot
977 1230 1024 1271 in
1044 1245 1147 1284 pace
1167 1245 1253 1271 non
1285 1231 1428 1284 plures
1456 1229 1581 1272 sunt?
1613 1230 1708 1284 quis
1729 1244 1801 1271 au·

270 1308 358 1343 tem
373 1300 474 1343 illos
494 1307 635 1355 potest
654 1307 885 1354 conputare
897 1333 910 1350 ,
941 1315 1046 1355 quos
1067 1301 1114 1341 in
1134 1301 1238 1341 urbe
1258 1300 1418 1354 passim
1438 1300 1630 1355 quisquis
1660 1300 1800 1342 uoluit
1831 1308 1872 1340 15

270 1370 449 1412 occidit?
485 1372 620 1412 donec
657 1371 911 1411 admonente
942 1369 1112 1411 Fufidio
1125 1401 1138 1419 ,
1174 1369 1322 1410 uiuere
1355 1370 1518 1424 aliquos
1548 1370 1723 1420 debere,
1754 1377 1804 1412 ut

271 1447 413 1483 essent
457 1441 612 1494 quibus
643 1440 893 1495 imperaret,
930 1439 1147 1494 proposita
1173 1447 1239 1481 est
1266 1439 1419 1494 ingens
1456 1439 1532 1481 illa
1561 1440 1731 1490 tabula,
1763 1447 1805 1481 et

272 1525 326 1553 ex
354 1511 446 1565 ipso
475 1511 682 1565 equestris
710 1511 870 1552 ordinis
900 1511 1003 1552 flore
1034 1525 1082 1551 ac
1107 1517 1263 1552 senatu
1295 1511 1380 1552 duo
1407 1510 1528 1551 milia
1555 1510 1703 1559 electi,
1732 1509 1807 1564 qui

272 1581 379 1622 mori
398 1581 667 1622 iuberentur:
689 1581 793 1622 noui
807 1581 974 1635 generis
991 1581 1192 1622 edictum.
1222 1568 1407 1634 longum
1415 1587 1511 1634 post
1531 1580 1637 1622 haec
1655 1580 1807 1621 referre

273 1650 456 1692 ludibrio
477 1651 626 1692 habita
644 1651 734 1692 fata
752 1650 986 1700 Carbonis,
1009 1651 1098 1692 fata
1119 1650 1295 1700 Sorani,
1320 1650 1554 1692 Plaetorios
1576 1657 1702 1704 atque
1722 1651 1806 1692 Ve-
1834 1657 1878 1690 20

271 1720 463 1770 nuleios,
493 1721 703 1763 Baebium
737 1720 828 1762 sine
858 1721 966 1761 ferro
995 1720 1084 1762 ritu
1110 1721 1295 1762 ferarum
1313 1720 1425 1761 inter
1444 1735 1597 1761 manus
1617 1719 1807 1761 lancina-

276 1797 385 1840 tum,
409 1791 613 1841 Marium,
637 1791 757 1832 ducis
779 1791 913 1845 ipsius
934 1791 1123 1840 fratrem,
1146 1798 1251 1845 aput
1272 1791 1418 1832 Catuli
1443 1791 1690 1845 sepulcrum
1710 1804 1808 1831 ocu—

274 1861 328 1902 lis
349 1861 533 1911 effossis,
556 1860 754 1902 manibus
776 1861 1054 1915 cruribusque
1084 1860 1266 1902 effractis
1294 1867 1512 1902 seruatum
1541 1859 1807 1914 aliquandiu,

275 1937 324 1973 ut
344 1945 419 1986 per
439 1931 611 1985 singula
629 1932 820 1972 membra
846 1938 1092 1972 moreretur.
1126 1931 1263 1985 possis
1291 1930 1560 1985 singulorum
1587 1929 1812 1971 hominum

275 2000 383 2055 ferre
402 2014 584 2054 poenas:
619 2000 855 2054 municipia
884 2000 1036 2041 Italiae
1057 2000 1403 2053 splendidissima
1420 2001 1501 2041 sub
1521 2000 1646 2040 hasta
1664 1998 1809 2040 uenie-
1837 2006 1881 2038 25

274 2076 378 2112 mut
398 2070 639 2125 Spoletium
660 2069 974 2111 Interamnium
996 2071 1225 2110 Praeneste
1245 2069 1475 2110 Florentia.
1519 2083 1621 2110 nam
1642 2068 1810 2109 Sulmo-

277 2153 402 2190 nem,
433 2147 559 2181 uetus
591 2139 795 2194 oppidum
829 2139 992 2181 socium
1021 2146 1148 2194 atque
1179 2138 1364 2179 amicum
1395 2164 1445 2170 ——
1474 2138 1639 2179 facinus
1669 2137 1809 2191 indig-

280 2401 300 2432 2
319 2403 492 2443 quantum
510 2398 547 2432 id
564 2399 731 2432 funerum
747 2407 772 2432 Β
784 2424 792 2440 ,
814 2399 901 2444 quid
925 2407 958 2433 Ν
973 2398 983 2444 Η
1004 2401 1022 2432 3
1040 2398 1078 2432 id
1095 2397 1188 2432 circo
1205 2404 1230 2430 B
1247 2394 1259 2440 ΙΙ
1276 2395 1521 2442 penetralibus
1537 2393 1666 2439 scripsi
1676 2407 1688 2427 .·
1715 2393 1814 2440 peni·

280 2454 440 2488 tentibus
456 2463 500 2495 Β,
520 2454 728 2499 patentibus
750 2463 784 2489 N
798 2455 808 2500 Η
827 2467 910 2490 nam
935 2467 1016 2490 cum
1041 2454 1182 2489 mucius
1197 2461 1230 2488 N
1245 2453 1256 2498 ΙΙ
1274 2452 1410 2487 mutius
1425 2461 1450 2486 Β
1468 2453 1479 2498 ΙΙ
1497 2455 1518 2487 4
1536 2451 1691 2487 nestalas
1717 2458 1751 2484 N
1765 2450 1776 2495 ΙΙ
1795 2453 1815 2484 5

281 2510 467 2554 sepellitur
483 2518 508 2544 Β
526 2510 537 2555 ΙΙ
555 2510 671 2544 lucius
688 2511 877 2556 amponius
892 2519 917 2546 B
935 2510 947 2556 ΙΙ
966 2513 986 2545 6
1001 2510 1225 2556 eturiamque
1249 2517 1275 2543 Β
1292 2509 1304 2554 ΙΙ
1324 2511 1341 2541 7
1369 2509 1486 2554 specie
1509 2508 1648 2554 parium
1674 2506 1814 2555 parium

281 2577 318 2601 se
335 2565 553 2600 uindicando
569 2574 594 2600 Β
612 2567 623 2611 ΙΙ
641 2566 828 2601 uindicant
843 2579 909 2602 nec
926 2567 1023 2613 apud
1037 2575 1071 2602 N
1085 2567 1096 2612 ΙΙ
1115 2568 1136 2601 9
1151 2577 1197 2601 ue
1210 2573 1238 2602 B
1264 2565 1275 2610 ΙΙ
1293 2564 1388 2600 bello
1403 2573 1430 2599 Β
1445 2563 1456 2610 Η
1487 2566 1527 2599 10
1552 2568 1590 2599 et
1616 2575 1672 2599 am
1692 2571 1718 2597 Β
1741 2561 1753 2607 ΙΙ
1775 2564 1811 2596 11

282 2627 409 2668 sponte
426 2633 482 2656 me
501 2621 714 2656 dediderant
728 2631 753 2656 B
771 2623 782 2668 Η
804 2625 843 2657 12
861 2623 960 2659 milia
976 2623 1129 2669 amplius
1143 2630 1169 2658 Β
1187 2622 1198 2668 ΙΙ
1215 2621 1307 2668 sylla
1321 2629 1347 2656 B
1365 2621 1376 2666 ΙΙ
1397 2623 1438 2656 13
1454 2620 1593 2656 milium
1609 2627 1635 2656 Β
1653 2619 1664 2664 ΙΙ
1685 2620 1726 2653 16
1744 2618 1815 2653 Fu-

284 2678 369 2714 fidio
384 2678 555 2712 Dukerus
567 2691 579 2711 .-
597 2677 738 2712 forfidio
752 2686 789 2719 Β,
809 2678 994 2714 furfidioN
1008 2680 1019 2725 ΙΙ
1037 2678 1194 2725 aliquoB
1212 2678 1224 2723 ΙΙ
1245 2680 1283 2712 17
1302 2677 1518 2724 imperarent
1531 2683 1566 2710 Ν
1576 2675 1590 2721 {l
1613 2677 1652 2710 18
1672 2686 1814 2720 seques·
1996 2710 2002 2721 ⁴

279 2734 329 2769 tri
352 2742 385 2768 Ν
399 2734 410 2779 ΙΙ
428 2745 469 2768 ac
486 2753 530 2760 —
546 2733 651 2769 electi
667 2746 724 2768 om
735 2742 764 2769 Β
782 2733 793 2779 ΙΙ
815 2735 855 2767 19
873 2734 1031 2769 edictum
1056 2735 1158 2780 piget
1180 2739 1264 2780 post
1285 2742 1319 2768 Ν
1342 2734 1353 2782 ΙΙ
1379 2734 1471 2768 ferre
1491 2740 1518 2767 B
1541 2733 1553 2778 ss
1580 2734 1624 2767 20
1642 2731 1740 2766 abita
1754 2738 1787 2765 Ν
1801 2731 1813 2777 ΙΙ
1994 2722 2002 2779 i

283 2789 378 2826 facta
394 2790 445 2824 bie
460 2798 486 2824 Β
503 2790 514 2837 Η
532 2789 727 2836 plaetorius
741 2798 779 2832 B,
800 2790 997 2834 praetorios
1012 2799 1046 2824 N
1060 2791 1071 2835 ΙΙ
1088 2790 1279 2826 uenuleius
1300 2799 1326 2824 Β
1344 2790 1355 2835 ΙΙ
1384 2790 1423 2823 21
1449 2787 1622 2824 laniatum
1638 2796 1664 2823 Β
1681 2787 1692 2833 ΙΙ
1712 2789 1753 2822 23
1771 2787 1820 2822 ef-
2001 2792 2002 2797 ’

284 2846 390 2881 fossis
415 2858 471 2880 om
493 2854 527 2880 N
541 2846 552 2892 ΙΙ
568 2845 721 2881 defossis
737 2853 770 2880 N
784 2846 795 2892 ΙΙ
813 2845 1033 2891 aliquamdiu
1051 2851 1087 2881 et
1101 2855 1135 2881 N
1150 2847 1161 2892 ΙΙ
1179 2849 1222 2882 24
1239 2845 1366 2892 positis
1379 2852 1414 2879 N
1428 2843 1440 2890 ΙΙ
1458 2845 1501 2879 25
1522 2843 1596 2879 fere
1614 2844 1740 2890 poenis
1752 2852 1790 2882 N
1803 2843 1815 2890 ΙΙ

286 2906 363 2936 asta
379 2910 438 2936 ΒΝ
451 2901 463 2947 ss
482 2903 524 2936 26
542 2901 778 2937 interranium
793 2910 819 2937 Β
837 2901 849 2947 ΙΙ
866 2899 1034 2936 florentia
1050 2909 1075 2935 Β
1092 2902 1103 2947 ΙΙ
1122 2913 1204 2936 nam
1221 2902 1278 2936 del
1292 2900 1329 2935 in
1343 2909 1370 2936 Β
1385 2902 1404 2934 2
1427 2912 1535 2935 manu
1553 2900 1563 2944 ΙΙ
1582 2901 1745 2936 sulmone
1759 2907 1793 2936 N
1807 2899 1818 2945 ΙΙ
