2002 3320
252 241 302 279 16
891 251 983 279 1vn1
1005 249 1134 278 nom

249 365 329 391 nae
343 381 355 399 ,
388 348 542 402 direpti
570 348 764 390 funditus
794 350 1006 404 deletique
1032 349 1248 391 Veientes.
1303 348 1459 388 Falisci
1488 362 1586 389 cum
1618 348 1780 389 obside·

250 426 410 468 rentur,
434 418 542 458 mira
563 418 623 459 eis
644 418 737 459 uisa
755 419 860 459 fides
881 418 1145 472 imperatoris
1159 450 1170 468 ,
1205 433 1283 458 nec
1303 418 1525 468 inmerito,
1559 419 1672 472 quod
1690 417 1783 459 ludi

250 488 525 542 magistrum,
568 487 684 528 urbis
720 487 977 540 proditorem
990 519 1003 536 ,
1045 502 1143 528 cum
1172 487 1239 528 his
1250 502 1364 541 ‚quos
1386 489 1619 528 adduxerat
1638 487 1782 542 pueris

251 558 446 598 uinctum
463 556 543 597 sibi
560 557 672 597 ultro
688 556 932 597 remisisset.
954 570 1047 596 eam
1067 571 1251 610 namque
1271 557 1338 597 uir
1359 564 1530 598 sanctus
1552 564 1594 598 et
1615 556 1783 611 sapiens

250 642 397 668 ueram
417 627 575 668 sciebat
610 640 700 667 esse
736 625 959 666 uictoriam
972 657 985 675 ,
1023 640 1131 679 quae
1153 626 1273 667 salua
1292 628 1375 667 fide
1396 635 1438 668 et
1457 628 1624 681 integra
1643 626 1781 681 digni·
1810 634 1830 666 5

251 705 338 738 tate
358 703 589 751 pareretur.
642 695 828 736 Fidenae
849 695 949 749 quia
968 709 1089 749 pares
1109 709 1197 736 non
1219 702 1339 737 erant
1358 696 1483 745 ferm,
1506 698 1561 737 ad
1580 703 1782 737 terrorem

250 768 511 808 mouendum
540 765 703 806 facibus
733 771 918 806 armatae
946 771 989 805 et
1015 765 1291 806 discoloribus
1322 766 1582 820 serpentium
1618 765 1664 806 in
1694 780 1783 806 mo-

252 839 355 878 dum
384 836 505 877 uittis
535 835 680 875 furiali
710 849 826 875 more
856 841 1147 888 processerant
1159 851 1170 883 3
1216 836 1290 876 sed
1328 835 1501 876 habitus
1539 835 1612 875 ille
1642 835 1784 876 feralis

253 905 486 947 euersionis
516 919 642 945 omen
670 904 768 945 fuit.
812 904 895 946 Vei
922 910 1083 958 quanta
1111 919 1177 946 res
1207 904 1360 954 fuerit,
1393 904 1554 945 indicat
1583 903 1784 945 decennis

253 975 430 1016 obsidio.
466 981 559 1015 tum
578 973 715 1028 primo
736 973 973 1014 hiematum
1001 974 1079 1014 sub
1099 974 1299 1028 pellibus,
1323 980 1469 1024 taxata
1489 973 1700 1027 stipendio
1719 972 1784 1013 hi·
1814 980 1856 1012 10

251 1047 399 1093 berna,
423 1045 598 1085 adactus
618 1043 741 1084 miles
763 1058 840 1084 sua
861 1050 1009 1097 sponte
1029 1043 1120 1084 iure
1151 1043 1329 1084 iurando
1360 1057 1414 1083 ne
1434 1043 1518 1084 nisi
1539 1050 1663 1097 capta
1682 1043 1785 1083 urbe

252 1121 471 1156 remearet.
497 1113 632 1168 spolia
652 1114 704 1153 de
736 1114 864 1153 Larte
886 1113 1115 1153 Tolumnio
1136 1114 1189 1153 ad
1211 1112 1447 1153 Feretrium
1475 1112 1694 1166 triumpho
1723 1126 1785 1152 re-

253 1191 435 1239 portata.
460 1183 642 1236 denique
662 1197 751 1223 non
772 1182 896 1223 scalis
918 1197 997 1223 nec
1016 1182 1286 1236 inruptione,
1311 1183 1383 1223 sed
1404 1181 1602 1222 cuniculo
1623 1188 1665 1222 et
1686 1182 1783 1222 sub-

255 1254 458 1296 terraneis
486 1252 594 1294 dolis
622 1258 842 1306 peractum
871 1251 989 1293 urbis
1028 1251 1256 1292 excidium.
1299 1266 1348 1292 ea
1386 1251 1569 1304 denique
1597 1251 1693 1292 uisa
1721 1257 1786 1291 est

254 1325 435 1379 praedae
464 1321 716 1376 magnitudo
730 1352 742 1370 ,
779 1320 899 1361 cuius
930 1320 1094 1361 decima
1122 1320 1315 1374 Apollini
1343 1319 1502 1374 Pythio
1528 1320 1785 1369 mitteretur,
1815 1327 1856 1360 15

254 1394 565 1446 uniuersusque
599 1390 782 1445 populus
813 1391 1034 1430 Romanus
1065 1391 1119 1430 ad
1153 1389 1435 1443 direptionem
1467 1389 1584 1430 urbis
1614 1403 1785 1430 uocare-

255 1471 339 1505 tur.
373 1463 454 1503 hoc
475 1469 577 1502 tunc
597 1460 678 1502 Vei
707 1460 837 1500 fuere.
871 1473 987 1499 nunc
1016 1459 1146 1500 fuisse
1178 1459 1272 1513 quis
1301 1458 1523 1500 meminit?
1552 1473 1659 1512 quae
1689 1458 1785 1499 reli-

256 1531 406 1587 quiae?
438 1532 551 1585 quod
571 1528 829 1583 uestigium?
859 1528 1024 1570 laborat
1046 1529 1265 1570 annalium
1286 1530 1390 1569 fides
1403 1560 1415 1578 ,
1438 1534 1487 1569 ut
1507 1528 1636 1570 Veios
1655 1527 1786 1568 fuisse

257 1604 492 1644 credamus.

660 1758 766 1798 VII.
802 1756 1045 1798 BELLVM
1067 1756 1394 1798 GALLICVM.
1813 1763 1857 1795 20

185 1902 234 1941 13
259 1898 347 1939 Hic
369 1897 459 1938 siue
480 1895 646 1936 inuidia
666 1896 794 1936 deum
815 1894 906 1935 siue
926 1894 1014 1935 fato
1034 1894 1328 1948 rapidissimus
1348 1894 1634 1949 procurrentis
1655 1894 1787 1948 impe-

258 1967 311 2008 rii
331 1980 479 2007 cursus
498 1979 727 2019 parumper
743 1964 968 2006 Gallorum
989 1964 1208 2005 Senonum
1228 1964 1469 2005 incursione
1490 1963 1782 2018 supprimitur.

258 2037 371 2091 quod
387 2042 555 2088 tempus
570 2035 728 2088 populo
744 2035 940 2074 Romano
960 2034 1103 2074 nescio
1119 2040 1264 2074 utrum
1280 2034 1399 2074 clade
1414 2033 1625 2074 funestius
1641 2032 1784 2081 fuerit,

259 2121 315 2147 an
334 2104 508 2146 uirtutis
530 2103 829 2157 experimentis
851 2103 1095 2157 speciosius.
1121 2117 1171 2143 ea
1191 2109 1302 2143 certe
1322 2102 1405 2143 fuit
1434 2103 1500 2143 uis
1531 2101 1786 2143 calamitatis

258 2183 307 2217 ut
326 2175 372 2216 in
401 2173 739 2228 experimentum
766 2172 945 2213 inlatam
972 2178 1121 2226 putem
1150 2172 1358 2213 diuinitus
1371 2203 1384 2221 ‚
1418 2172 1522 2213 scire
1542 2171 1787 2213 uolentibus
1814 2178 1858 2211 25

258 2244 556 2287 inmortalibus
585 2242 649 2283 dis
663 2273 675 2291 ,
709 2256 764 2282 an
784 2242 982 2282 Romana
1001 2241 1139 2282 uirtus
1159 2241 1385 2296 imperium
1406 2242 1517 2284 orbis
1538 2248 1783 2283 mereretur.

386 2311 411 2328 ''
424 2312 542 2355 Galli
578 2312 767 2353 Senones
786 2342 798 2360 ,
848 2324 953 2364 gens
1001 2317 1156 2351 natura
1194 2311 1313 2352 ferox
1330 2343 1343 2362 ‚
1400 2311 1588 2353 moribus
1638 2311 1784 2352 incon-
1814 2311 1847 2350 I

261 2386 371 2435 dita,
410 2385 464 2424 ad
483 2383 564 2423 hoc
597 2382 690 2435 ipsa
725 2394 947 2434 corporum
981 2381 1117 2430 mole,
1159 2380 1334 2434 perinde
1364 2381 1491 2422 armis
1522 2380 1785 2435 ingentibus,

262 2456 365 2495 adeo
396 2452 511 2493 omni
540 2466 694 2505 genere
732 2450 931 2491 terribilis
956 2449 1055 2489 'fuit
1098 2455 1147 2489 ut
1181 2450 1308 2503 plane
1343 2440 1445 2490 nata
1480 2451 1532 2490 ad
1563 2449 1788 2490 hominum

264 2655 275 2685 l
298 2651 461 2686 funditus
473 2650 652 2685 sallentini
664 2650 875 2695 deletiqueB
892 2650 902 2695 11
921 2651 1071 2695 phalisci
1087 2659 1112 2685 Β
1130 2650 1141 2696 ΙΙ
1159 2653 1178 2685 2
1190 2650 1240 2684 eis
1249 2650 1470 2696 uisascriffln‘:
1489 2654 1542 2684 est
1553 2649 1632 2684 uisa
1645 2656 1682 2689 Β,
1703 2648 1781 2682 uisa

260 2711 314 2740 est
325 2714 357 2740 N
371 2706 382 2751 ΙΙ
400 2708 420 2740 6
438 2710 621 2751 pareretur
629 2705 691 2746 Nb,
707 2710 922 2750 parareturB
940 2706 950 2751 ΙΙ
969 2711 1006 2740 at
1017 2706 1036 2740 b
1054 2706 1065 2752 Η
1085 2709 1102 2739 7
1117 2710 1323 2751 serpentum
1337 2714 1371 2741 Ν
1384 2707 1395 2751 ΙΙ
1413 2705 1608 2740 immodum
1623 2712 1649 2738 B
1666 2704 1678 2749 Ιί
1695 2706 1716 2738 9
1728 2704 1787 2738 uel

260 2770 293 2796 N
314 2761 325 2807 11
344 2761 578 2795 inmodicatN
593 2760 604 2805 ll
626 2763 762 2794 10tunc
779 2761 976 2805 primumN
989 2762 1000 2806 ΙΙ
1019 2762 1260 2808 suppelibusB
1277 2762 1287 2808 ΙΙ
1309 2764 1343 2796 11
1366 2773 1412 2796 ne
1427 2769 1519 2795 omlv
1537 2761 1548 2806 ΙΙ
1569 2762 1609 2794 12
1626 2759 1786 2793 adFere-

260 2817 369 2851 trium
387 2816 568 2862 triumpho
586 2819 766 2861 reportata
783 2815 930 2860 scripsi:
955 2817 1096 2851 afferret
1119 2818 1341 2863 triumphum
1357 2821 1554 2862 reportaret
1575 2824 1612 2857 Β,
1633 2814 1678 2848 ad
1698 2814 1787 2849 fere-

262 2872 369 2907 trium
391 2876 572 2917 reportata
588 2879 620 2906 Ν
636 2871 646 2917 ΙΙ
669 2873 708 2905 15
725 2871 862 2905 decima
876 2871 1004 2916 scripsi
1013 2885 1024 2904 .·
1049 2872 1206 2906 decimae
1221 2880 1279 2906 ΒΝ
1299 2873 1311 2918 Η
1335 2872 1537 2907 mitteretur
1552 2879 1599 2906 B.-
1617 2871 1784 2906 mitteren

260 2933 319 2962 tur
334 2936 364 2961 N
381 2928 391 2972 11
412 2930 452 2961 17
472 2927 530 2962 uel
545 2935 578 2961 Ν
592 2927 602 2972 ΙΙ
623 2928 664 2961 18
681 2927 824 2972 quodue
839 2935 873 2961 Ν
887 2927 898 2971 ΙΙ
915 2927 1016 2960 ueios
1033 2926 1084 2960 bis
1100 2927 1119 2960 b
1138 2927 1149 2972 ΙΙ
1167 2930 1204 2961 21
1226 2928 1379 2962 fatorum
1395 2935 1420 2961 Β
1438 2926 1449 2971 Η
1466 2929 1509 2960 25
1527 2926 1700 2963 inlaffiam
1714 2935 1740 2961 B
1757 2927 1768 2972 ΙΙ
