2002 3320
705 221 901 251 marom
923 222 956 259 1,
979 215 1015 249 3.
1039 217 1061 249 4
1085 207 1138 264 [9.
1167 207 1242 264 10].
1694 209 1743 248 13

154 323 185 362 I
208 330 301 363 tum
320 321 458 376 gloria
476 328 519 363 et
539 320 733 376 imperio,
756 319 1063 362 lacessentibus
1085 320 1263 362 adsidue
1283 334 1588 375 usquequaque
1609 321 1742 362 finiti-

202 392 284 434 mis
295 409 308 442 ;
332 391 490 447 quippe
505 390 575 432 cui
595 390 724 445 patrii
744 390 823 432 soli
842 391 995 445 glaeba
1013 391 1150 440 nulla,
1169 397 1233 432 set
1254 390 1401 431 statim
1421 390 1576 432 hostile
1596 405 1740 446 pome-

203 462 329 512 rium,
350 461 601 515 mediusque
621 461 734 503 inter
754 461 931 503 Latium
954 462 1091 516 adque
1115 461 1318 502 Etruscos
1346 461 1469 523 quasi
1489 461 1535 502 in
1555 462 1742 516 quodam

201 532 319 591 biuio
356 532 602 573 conlocatus
641 531 841 573 omnibus
867 531 1003 586 portis
1042 531 1089 571 in
1117 531 1285 572 hostem
1313 530 1573 580 incurreret3
1607 532 1742 572 donec

158 611 178 642 5
199 601 321 657 quasi
340 601 538 656 contagio
567 602 754 655 quodam
782 616 858 657 per
889 601 1080 656 singulos
1110 601 1221 642 itum
1250 607 1315 642 est
1343 609 1386 642 et
1414 601 1620 657 proximis
1649 601 1742 655 qui·

135 672 364 728 [I]busque
385 671 588 726 correptis
610 678 745 713 totam
766 671 940 713 Italiam
960 672 1040 713 sub
1062 667 1424 726 se‚redegerunt.“

149 985 182 1024 I
203 983 347 1026 Pulsis
369 984 474 1026 urbe
503 983 676 1039 regibus
705 983 844 1040 prima
871 998 949 1038 pro
976 983 1173 1024 libertate
1201 997 1319 1024 arma
1347 981 1566 1037 corripuit.
1611 979 1741 1025 ''nam
1765 978 1817 1018 10

131 1133 173 1165 10

251 845 365 886 ΙΙΙΙ.
398 845 645 887 BELLVM
667 843 993 886 ETRVSCVM
1014 843 1144 886 CVM
1164 843 1328 885 REGE
1349 842 1690 886 PORSENNA.

201 1057 421 1096 Porsenna
452 1069 527 1096 rex
558 1056 839 1096 Etruscorum
869 1052 1119 1107 ingentibus
1148 1052 1282 1106 copiis
1315 1053 1461 1093 aderat
1489 1058 1532 1093 et
1560 1053 1740 1107 Tarqui-

202 1125 295 1166 nios
314 1139 446 1166 manu
477 1125 719 1166 reducebat.
752 1123 870 1164 hunc
899 1130 1067 1174 tamen,
1098 1121 1297 1176 quamuis
1326 1128 1370 1162 et
1400 1122 1528 1163 armis
1559 1131 1602 1164 et
1629 1123 1742 1165 fame

199 1203 401 1249 urgueret
421 1202 711 1250 occupatoque
733 1193 929 1236 Ianiculo
949 1193 997 1234 in
1016 1192 1122 1247 ipsis
1142 1189 1261 1233 u⁰rbis
1281 1191 1477 1233 faucibus
1498 1191 1738 1242 incubaret,

200 1265 407 1306 sustinuit
427 1264 639 1319 reppulit,
671 1263 905 1305 nouissime
932 1263 1063 1304 etiam
1090 1270 1212 1304 tanta
1240 1261 1520 1303 admiratione
1539 1262 1739 1316 perculit,

132 1336 246 1392 [IJut
261 1335 452 1390 superior
465 1336 579 1376 ultro
594 1349 693 1375 cum
707 1348 843 1388 paene
862 1333 989 1375 uictis
1006 1332 1219 1387 amicitiae
1238 1332 1408 1374 foedera
1426 1329 1611 1374 feriret.u
1639 1339 1743 1373 tunc

132 1485 174 1516 15

201 1406 277 1447 illa
295 1406 342 1446 ni
362 1405 550 1447 Romani
578 1403 766 1446 nominis
785 1403 981 1458 prodigia
1001 1405 1139 1458 adque
1158 1402 1390 1453 miracula,
1413 1402 1625 1444 Horatius
1647 1403 1745 1444 Mu-

201 1476 292 1517 cius
313 1475 492 1525 Cloelia,
516 1475 590 1529 qui
609 1474 695 1515 nisi
714 1474 761 1514 in
781 1473 1010 1514 annalibus
1030 1473 1185 1522 forent,
1207 1472 1334 1513 hodie
1354 1472 1525 1513 fabulae
1545 1472 1741 1513 uideren-

202 1555 287 1588 tur.
321 1545 479 1600 quippe
499 1544 711 1586 Horatius
731 1543 881 1585 Cocles
900 1550 1129 1598 postquam
1147 1543 1293 1584 hostes
1313 1542 1505 1596 undique
1524 1542 1738 1584 instantes

201 1617 318 1658 solus
340 1630 609 1658 summouere
629 1629 717 1655 non
735 1620 919 1668 poterat,
941 1621 1072 1667 ponte
1092 1613 1270 1654 rescisso
1291 1619 1533 1653 transnatat
1553 1611 1744 1653 Tiberim

149 1686 182 1727 I
202 1701 281 1727 nec
303 1701 421 1727 arma
448 1684 642 1727 dimittit.
676 1683 850 1725 Mucius
881 1682 1089 1725 Scaeuola
1108 1679 1280 1737 ''regem
1307 1696 1383 1736 per
1409 1681 1587 1723 insidias
1607 1681 1655 1722 in
1674 1696 1742 1723 ca-

131 1835 175 1868 20

132 2186 176 2218 25

202 1756 300 1798 stris
321 1756 456 1810 ipsius
478 1754 749 1810 adgreditur,
781 1755 855 1796 sed
884 1753 960 1794 ubi
986 1752 1192 1794 frustrato
1212 1753 1325 1794 circa
1342 1759 1630 1808 purpuratum
1649 1751 1742 1793 eius

203 1827 293 1867 ictu
302 1833 498 1879 tenetur,
522 1824 770 1866 ardentibus
791 1824 896 1865 focis
915 1823 1038 1864 inicit
1052 1837 1231 1867 manum
1246 1829 1534 1876 terroremque
1549 1821 1742 1876 geminat

201 1897 314 1938 dolo.
346 1892 419 1937 ‘en
432 1927 445 1945 ,
477 1903 527 1936 ut
557 1890 694 1945 scias',
717 1894 859 1949 inquit
873 1890 1020 1948 ‘que'm
1035 1893 1182 1934 uirum
1194 1892 1411 1948 effugeris;
1431 1892 1547 1934 idem
1563 1891 1742 1933 trecenti

203 1965 440 2008 iurauimus
452 1959 482 2015 3³
500 1979 599 2006 cum
613 1964 786 2006 interim
796 1990 849 1996 —
859 1964 1033 2005 inmane
1044 1963 1163 2004 dictu
1174 1987 1222 1992 —
1237 1962 1308 2003 hic
1323 1962 1563 2011 interritus,
1578 1961 1651 2003 ille
1661 1968 1742 2003 tre-

202 2038 383 2093 pidaret,
406 2043 626 2090 tamquam
645 2049 798 2076 manus
819 2034 930 2089 regis
951 2035 1132 2076 arderet.
1166 2032 1227 2074 sic
1249 2032 1424 2087 quidem
1450 2031 1535 2073 uiri
1548 2063 1562 2081 ,
1594 2032 1669 2072 sed
1688 2045 1743 2072 ne

195 2107 277 2162 qui
298 2121 424 2149 sexus
444 2121 470 2147 a
488 2106 616 2147 laude
636 2111 834 2154 cessaret,
857 2119 953 2146 ecce
973 2111 1017 2146 et
1032 2102 1254 2158 uirginum
1273 2102 1428 2144 uirtus.
1452 2116 1541 2142 una
1557 2115 1610 2142 ex
1631 2099 1742 2154 opsi-

202 2177 327 2219 dibus
347 2176 438 2239 regi
457 2175 568 2217 datis
599 2175 744 2230 elapsa
763 2174 1007 2224 custodiae,
1038 2173 1225 2222 Cloelia,
1256 2187 1334 2227 per
1360 2171 1550 2226 patrium
1581 2170 1743 2210 flumen

204 2246 436 2306 equitabat.
470 2253 514 2287 et
541 2260 617 2287 rex
637 2244 812 2298 quidem
841 2250 905 2285 tot
933 2244 1150 2298 tantisque
1171 2242 1385 2283 uirtutum
1418 2239 1591 2281 territus
1621 2253 1742 2280 mon-

210 2460 224 2493 1
244 2457 434 2504 imperium
448 2456 710 2492 lacescentibus
724 2465 751 2491 B
767 2456 779 2503 ΙΙ
797 2456 969 2492 adsiduae
983 2464 1043 2493 BN
1056 2457 1068 2504 ss
1085 2458 1106 2491 2
1124 2455 1183 2491 cui
1208 2454 1406 2490 Salmasius
1417 2467 1429 2488 :
1455 2464 1537 2488 cum
1553 2460 1631 2488 ΒΙΝ
1644 2452 1656 2499 ss
1684 2463 1746 2498 pa-

204 2515 251 2550 tri
266 2523 300 2550 N
314 2515 325 2561 [l
343 2514 406 2548 sed
421 2522 458 2555 Β,
479 2514 527 2548 sit
543 2513 607 2547 sed
622 2521 651 2554 I,
671 2512 719 2547 sit
733 2521 766 2548 N
780 2513 792 2558 ΙΙ
809 2515 829 2547 3
848 2518 1025 2548 etti-uscos
1041 2521 1078 2555 B,
1104 2517 1227 2547 tuscos
1242 2519 1276 2546 N
1290 2512 1301 2559 [1
1320 2513 1340 2546 5
1358 2510 1574 2556 contagione
1591 2509 1747 2555 quadam

206 2580 239 2606 N
252 2573 264 2618 11
283 2576 320 2606 et
335 2583 391 2605 om
407 2578 432 2604 B
450 2570 461 2615 ss
480 2572 498 2603 7
517 2578 670 2604 BELLVM
687 2581 743 2604 om
758 2578 784 2604 Β
801 2570 813 2616 ss
831 2572 851 2604 8
868 2581 914 2604 ex
930 2569 1018 2604 urbe
1034 2568 1139 2615 regni
1153 2575 1187 2602 N
1200 2567 1213 2614 ΙΙ
1240 2569 1261 2602 9
1277 2578 1456 2614 prosenna
1471 2574 1504 2601 N
1518 2566 1530 2612 ΙΙ
1557 2565 1747 2600 etrustico-

203 2640 283 2663 rum
299 2628 354 2674 Bu
376 2625 707 2672 11urgeret1v11in
723 2627 853 2673 omNfl
881 2627 921 2659 13
939 2637 1021 2660 cum
1037 2632 1194 2671 poenaB
1219 2623 1231 2670 ΙΙ
1262 2625 1301 2658 14
1319 2623 1435 2658 inani
1451 2621 1601 2667 scripsi.-
1629 2621 1692 2655 illa
1709 2621 1747 2654 in

204 2693 230 2719 B
247 2685 259 2730 ΙΙ
276 2684 338 2718 illa
353 2694 501 2718 romana
516 2682 683 2728 prodigia
696 2690 731 2717 Ν
745 2682 756 2728 ΙΙ
781 2682 917 2718 oratius
931 2681 1089 2716 muctius
1104 2688 1130 2716 Β
1146 2680 1159 2726 ΙΙ
1186 2682 1225 2714 15
1244 2691 1315 2726 que
1330 2688 1363 2714 Ν
1378 2681 1389 2725 Η
1418 2681 1458 2713 16
1477 2678 1613 2713 oratius
1629 2685 1654 2712 Β
1672 2678 1683 2722 Η
1706 2678 1745 2709 19

205 2740 415 2775 frustratum
431 2738 478 2780 17¹,
507 2738 701 2774 frustratus
716 2738 756 2772 11'
780 2738 792 2784 fl
816 2741 1052 2785 purpuratum
1073 2736 1158 2783 BNfl
1175 2728 1219 2771 '20
1236 2736 1338 2771 hictu
1352 2744 1385 2770 Ν
1399 2736 1412 2782 [Ι
1429 2734 1554 2770 intulit
1570 2742 1588 2766 Ι
1604 2733 1616 2778 ll
1641 2735 1678 2766 21
1702 2743 1747 2765 en

205 2807 260 2829 om
275 2803 309 2830 Ν
322 2796 334 2842 1!
361 2790 450 2830 sciat
467 2795 487 2828 b
504 2795 516 2840 ss
533 2794 661 2840 inquid
676 2803 701 2829 Β
726 2795 737 2839 ΙΙ
763 2797 806 2829 23
833 2794 956 2830 aderet
982 2792 1002 2827 b
1026 2793 1038 2839 ΙΙ
1056 2798 1093 2828 et
1114 2801 1135 2827 Ι
1157 2793 1169 2839 11
1193 2804 1239 2827 ne
1263 2791 1352 2838 quid
1375 2802 1482 2826 sexus
1503 2797 1550 2830 N,
1578 2799 1623 2822 ne
1641 2797 1748 2820 sexus

206 2851 295 2885 alter
310 2858 331 2885 Ι
344 2851 358 2898 ΙΙ
374 2854 417 2886 24
435 2850 621 2886 obsidibus
637 2859 682 2885 ΒΙ
697 2852 710 2896 11
728 2853 770 2886 25
788 2850 882 2886 datis
906 2849 1039 2886 Tollius
1051 2863 1062 2882 :
1080 2849 1165 2884 data
1182 2857 1234 2890 ΒῙ,
1254 2848 1317 2883 dat
1332 2855 1365 2882 Ν
1379 2847 1390 2891 ll
1408 2846 1545 2890 etlapsa
1562 2843 1581 2876 b
1599 2843 1610 2886 11
1629 2846 1748 2876 custo-

205 2906 300 2940 diam
317 2915 350 2941 N
363 2907 375 2952 ΙΙ
392 2909 435 2941 26
453 2912 491 2942 et
505 2919 561 2941 om
576 2915 595 2941 Ι
610 2908 622 2952 ΙΙ
647 2907 794 2942 monitis
810 2915 843 2941 N
856 2908 867 2952 ss
