2002 3320
759 259 1021 288 rimarum.
1559 251 1678 289 XVII

124 361 227 403 belli
244 360 474 410 interesset,
498 360 614 415 quod
630 359 675 401 in
691 359 953 416 qladiatorio
967 373 1140 401 munere
1145 358 1259 414 fleri
1271 359 1388 410 solet,
1413 374 1496 401 uno
1517 362 1676 403 eodem-

123 447 204 488 que
222 436 448 481 momento,
476 445 570 472 cum
590 429 635 471 in
655 429 748 471 acie
771 429 937 472 Cimbri
953 429 1289 479 succumberent,
1304 428 1490 484 populus
1510 429 1555 472 in
1576 432 1678 472 urbe

113 496 384 556 plaudebas.
404 501 519 542 unde
539 501 794 542 sumendum
817 507 881 542 est
900 500 1063 540 factum
1078 514 1168 541 esse
1189 499 1351 553 aliquid
1371 499 1416 540 in
1437 502 1680 555 spectaculo

122 570 399 627 gladiatorio,
438 570 509 612 cui
537 571 800 625 plaudebant
830 577 1086 624 spectatores
1099 602 1112 620 ,
1153 570 1217 611 ita
1242 578 1522 624 conparatum
1553 579 1602 613 ut
1623 574 1678 614 ad

122 641 347 682 uictoriam
367 641 626 683 Cimbricam
645 640 791 681 referri
809 648 973 695 posset3
1012 639 1134 694 atqui
1164 639 1294 681 huius
1324 639 1385 680 rei
1405 640 1591 682 narratio
1611 642 1677 683 in-

123 711 241 753 curia
273 711 542 753 librariorum
577 710 732 754 omissa
765 717 844 752 est.
886 725 1039 751 uerum
1057 709 1129 751 hic
1155 709 1275 751 locus
1296 709 1426 751 etiam
1447 711 1531 752 alio
1552 713 1678 754 modo

123 789 346 836 corruptus
367 789 445 823 est.
470 782 602 822 uerba
621 780 737 822 enim
752 776 885 835 ‘quod
900 779 946 821 in
961 778 1224 836 qladiatorio
1244 780 1535 836 manwefieri
1551 778 1676 824 solet'

123 867 173 894 eo
205 852 299 893 loco
342 867 425 906 quo
456 851 502 892 in
530 855 618 892 BN
653 851 856 905 leguntur
895 865 1070 892 sensum
1099 850 1227 904 plane
1256 850 1427 891 nullum
1468 852 1674 893 efficiunt.

125 922 229 978 quid
249 922 391 963 enim?
423 930 570 962 utrum
589 921 634 962 in
663 920 916 975 gladiatorio
955 934 1132 961 munere
1169 919 1263 960 fieri
1303 920 1464 962 solebat
1498 929 1548 963 ut
1577 924 1678 965 urbs

124 993 247 1034 uelut
267 993 380 1034 elata
398 991 617 1032 montibus
638 990 880 1044 spectaculo
907 989 1012 1030 belli
1041 989 1290 1039 interesset,
1327 1004 1383 1031 an
1414 998 1464 1032 ut
1493 993 1679 1046 populus

125 1064 274 1104 eodem
302 1068 520 1102 momento
535 1093 548 1111 ,
586 1075 671 1116 quo
699 1061 747 1101 in
777 1060 867 1101 acie
898 1058 1063 1102 Cimbri
1102 1060 1437 1101 succumbebant
1450 1093 1462 1111 ,
1499 1062 1547 1103 in
1574 1064 1680 1105 urbe

122 1131 372 1188 plauderet?
404 1138 548 1187 aperte
583 1131 689 1172 haec
717 1131 852 1172 uerba
879 1129 1098 1185 pertinent
1119 1130 1173 1170 ad
1193 1129 1304 1171 illud
1325 1129 1523 1185 feliciter
1553 1132 1676 1183 dixit,

124 1203 240 1258 quod
259 1217 303 1243 re
323 1217 427 1243 uera
453 1202 500 1242 in
518 1201 772 1257 gladiatorio
802 1214 980 1242 munere
1005 1199 1103 1240 fieri
1132 1199 1297 1241 solebat
1324 1206 1368 1241 et
1397 1214 1447 1241 eo
1477 1203 1680 1257 temporis

123 1280 341 1314 momento
371 1272 530 1327 egregii
558 1271 715 1314 ominis
744 1271 843 1312 fuit.
882 1285 1026 1326 neque
1063 1284 1165 1311 casu
1194 1269 1358 1310 factum
1393 1285 1483 1312 esse
1520 1279 1678 1326 potest,

125 1345 239 1399 quod
259 1358 309 1384 ea
327 1343 422 1397 ipsa
439 1343 572 1383 uerba
591 1356 699 1397 quae
721 1328 980 1396 transposita
1008 1354 1098 1382 esse
1129 1340 1342 1381 contendo
1363 1340 1493 1382 unius
1513 1355 1679 1392 uersus,

125 1414 271 1469 quales
293 1427 422 1467 supra
440 1412 630 1454 uidimus
643 1444 656 1462 ,
680 1412 868 1467 spatium
887 1411 1071 1466 inplent.
1119 1425 1259 1465 neque
1279 1425 1381 1451 uero
1401 1410 1596 1453 inaudita
1616 1423 1682 1453 res

126 1483 174 1525 in
203 1484 330 1525 Floro
360 1482 727 1537 transpositiones.
777 1482 925 1523 statim
957 1496 986 1536 p
1017 1484 1086 1531 63,
1115 1485 1166 1522 13
1196 1481 1329 1521 uerba
1353 1481 1493 1536 ylacie
1511 1481 1683 1537 flumen

127 1554 341 1610 equitatur
359 1552 407 1592 in
427 1557 466 1593 B
484 1552 577 1594 loco
598 1567 675 1594 suo
695 1558 813 1594 mota
833 1558 959 1601 sunt,
992 1557 1035 1592 et
1054 1565 1084 1605 p
1107 1553 1175 1600 32,
1204 1556 1254 1591 10
1286 1551 1418 1592 uerba
1436 1549 1620 1592 hostium
1640 1558 1683 1593 et

127 1623 215 1666 iam
225 1655 239 1674 ‚
276 1623 324 1664 in
351 1637 436 1677 quo
456 1622 641 1664 insulam
661 1623 794 1664 latere
814 1622 926 1663 uidit
946 1620 1169 1675 Hauptius
1179 1651 1194 1670 ,
1232 1621 1375 1661 locum
1393 1627 1618 1662 mutarunt
1636 1621 1684 1662 in

126 1699 181 1744 B,
213 1693 260 1734 in
287 1692 410 1734 cuius
438 1693 704 1747 autographo
733 1694 867 1733 finem
896 1704 1046 1732 uersus
1079 1704 1308 1744 occupasse
1338 1690 1555 1735 uidentur,
1609 1694 1683 1733 sed

126 1771 317 1806 reuertor
349 1763 405 1804 ad
437 1763 614 1805 lacunas
655 1763 922 1805 indicandas.
975 1760 1110 1814 igitur
1136 1774 1166 1815 p
1198 1763 1246 1800 81
1265 1791 1278 1809 ,
1313 1764 1338 1800 4
1374 1767 1471 1814 post
1502 1761 1683 1816 confisus

128 1835 336 1888 quaedam
357 1834 410 1874 de
430 1832 570 1874 Mario
591 1847 617 1873 a
636 1833 763 1874 Floro
782 1838 955 1873 narrata
974 1830 1249 1879 exciderunt,
1282 1844 1382 1871 cum
1411 1845 1463 1871 ea
1491 1845 1600 1885 quae
1621 1824 1683 1873 se·

129 1910 321 1959 quuntur
340 1905 395 1944 ad
414 1902 649 1958 Apuleium
667 1902 926 1957 pertineant.
959 1900 1090 1942 etiam
1109 1915 1138 1956 p
1163 1905 1257 1950 101,
1283 1903 1333 1941 21
1359 1902 1568 1954 quaedam
1587 1909 1684 1956 post

128 1973 311 2028 amplior
340 1973 497 2015 omissa
524 1987 615 2015 esse
654 1973 755 2014 inde
790 1971 1062 2027 perspicitur,
1081 1971 1193 2025 quod
1222 1985 1301 2011 nec
1331 1971 1685 2013 Caesarianorum

127 2044 314 2099 impetus
330 2043 514 2098 amplior
533 2043 618 2084 dici
637 2043 779 2098 potuit
793 2057 872 2083 nec
887 2055 1014 2097 eoque
1033 2041 1164 2082 habet
1184 2055 1268 2095 quo
1289 2041 1509 2082 referatur.
1535 2041 1684 2082 simili-

128 2121 193 2156 ter
210 2128 239 2168 p
260 2118 418 2167 105,v17
438 2120 538 2155 ante
558 2113 685 2155 aliter
698 2113 846 2155 saluus
866 2112 1075 2167 quaedam
1096 2111 1240 2152 deesse
1261 2111 1384 2152 facile
1404 2112 1686 2153 demonstrari

127 2190 283 2238 potest.
325 2183 515 2238 primum
535 2184 652 2225 enim
671 2183 820 2225 saluus
850 2197 940 2224 non
971 2182 1024 2223 ad
1044 2180 1287 2222 Antonium
1308 2181 1382 2221 sed
1402 2181 1456 2221 ad
1474 2182 1686 2235 populum

129 2248 376 2295 Romanum
394 2254 539 2295 referri
558 2255 708 2303 debet,
732 2253 853 2294 cuius
873 2253 996 2293 nulla
1014 2251 1177 2307 mentio
1197 2251 1310 2291 facta
1336 2256 1401 2290 est
1411 2266 1423 2298 ;
1457 2257 1552 2291 tum
1582 2266 1685 2292 uero

130 2324 263 2364 uerba
282 2325 382 2380 dum
399 2324 614 2366 Antonius
635 2323 830 2365 desciscit
848 2321 1054 2376 apodosin
1075 2335 1198 2361 suam
1224 2318 1462 2374 requirunt.
1504 2335 1584 2362 nec
1604 2322 1683 2362 mi-

130 2407 214 2434 nus
235 2400 430 2447 apertum
449 2402 514 2436 est
532 2409 562 2449 p
587 2400 681 2444 107,
708 2397 732 2433 6
755 2400 854 2434 ante
875 2392 947 2433 cui
965 2391 1175 2446 quaedam
1194 2391 1247 2430 de
1268 2389 1509 2431 Octauiano
1529 2391 1685 2433 omissa

131 2477 236 2504 esse.
263 2462 448 2517 denique
467 2479 496 2518 p
521 2468 616 2513 120,
641 2468 694 2505 20
716 2478 816 2504 cum
836 2462 1002 2504 codices
1023 2460 1296 2502 scribendum
1316 2473 1408 2500 esse
1429 2461 1610 2502 doceant
1625 2457 1685 2502 ‘et

133 2539 231 2575 tunc
250 2532 418 2588 quidem
443 2534 492 2574 0.
521 2533 681 2574 caesar
700 2538 914 2574 recreatus
934 2537 997 2573 est
1014 2546 1066 2572 ex
1091 2531 1266 2572 uulnere
1291 2529 1336 2570 in
1369 2535 1551 2584 tempus,
1576 2526 1679 2581 θεῖ’,

131 2603 226 2658 quis
245 2618 334 2644 non
354 2603 474 2645 uidet
502 2602 711 2644 excidisse
737 2602 1026 2644 narrationem
1056 2602 1108 2642 de
1136 2607 1271 2642 morte
1301 2599 1418 2650 eius,
1458 2614 1567 2654 quae
1595 2615 1683 2641 non

131 2674 319 2716 multum
338 2681 434 2728 post
455 2680 602 2717 secuta
622 2671 715 2714 est?

246 2745 374 2789 Quod
392 2745 519 2786 modo
540 2744 592 2784 de
611 2741 780 2784 lacunis
801 2741 1124 2783 obseruauimus
1137 2774 1150 2792 ,
1183 2738 1300 2783 nunc
1330 2746 1370 2782 B
1390 2754 1442 2781 ex
1474 2744 1542 2789 N,
1567 2754 1683 2779 nunc

133 2818 183 2855 N
197 2829 249 2856 ex
268 2820 307 2855 B
327 2813 515 2868 suppleri
534 2828 673 2869 posse,
709 2826 929 2867 superesse
949 2819 1094 2854 tamen
1115 2827 1224 2867 quae
1246 2811 1416 2866 utrique
1437 2823 1683 2850 communes

134 2898 187 2925 ex
208 2884 445 2939 antiquiore
465 2884 610 2926 codice
629 2883 675 2924 in
696 2887 784 2924 BN
799 2883 1030 2924 translatae
1050 2882 1151 2932 sint,
1176 2882 1292 2923 idem
1311 2882 1364 2922 de
1381 2878 1498 2920 omni
1514 2892 1683 2932 corrup-

8 2988 12 3013 ·:
135 2954 302 2995 tionum
321 2959 475 3008 genere
494 2953 627 2995 ualet.
660 2953 874 3007 permulta
894 2953 1010 2998 enim
1024 2984 1036 3002 ‚
1072 2966 1180 3006 quae
1211 2951 1256 2992 in
1287 2956 1326 2990 B
1345 2955 1543 3002 corrupta
1562 2955 1680 2998 sunt,

6 3016 32 3213 ξ
176 3029 329 3056 nonve.
1411 3015 1449 3048 11
