2002 3320
161 978 203 1011 10

157 1400 198 1432 15

152 1798 196 1831 20

150 2142 192 2175 25

630 243 828 273 arn-om
850 244 884 281 1,
906 239 966 272 39.
989 240 1035 272 40
1058 229 1148 284 [111,
1170 240 1206 271 5.
1230 230 1287 285 6].
1705 233 1759 272 67

233 342 307 384 nia
325 356 403 393 sua
420 342 580 385 lectum
599 356 776 385 aureum
795 350 839 384 et
859 342 944 384 alia
962 344 1075 384 dona
1092 342 1349 384 mittentem.
1382 356 1461 384 nec
1490 334 1579 384 non
1607 342 1655 383 in
1673 357 1760 383 me-

231 412 382 454 ridiem
405 425 528 453 uerso
551 411 722 466 agmine
747 411 962 454 Libanum
986 412 1133 467 Syriae
1159 413 1502 467 Damascumque
1527 419 1760 467 transgres-

231 496 304 525 sus
329 495 404 535 per
428 495 602 523 nemora
620 480 697 523 illa
715 482 911 532 odorata,
933 497 1008 536 per
1026 482 1131 524 turis
1152 490 1195 524 et
1212 482 1394 524 balsami
1412 476 1543 524 'siluas
1563 483 1762 524 Romana

231 551 355 606 sig-na
373 550 646 593 circumtulit.
666 551 845 601 Arabes,
868 551 904 593 si
925 552 1028 606 quid
1047 553 1289 606 imperaret,
1310 559 1477 607 praesto
1496 552 1628 593 fuere.
1652 552 1760 593 Hie-

227 621 439 677 rosolyma
466 620 690 662 defendere
721 627 982 675 temptauere
1011 622 1162 663 Iudaei
1174 638 1187 672 ς
1218 636 1368 663 uerum
1396 622 1502 662 haec
1531 636 1698 676 quoque
1718 630 1762 663 et

229 690 408 732 intrauit
427 696 471 732 et
490 689 602 732 uidit
621 689 730 732 illud
749 692 912 745 grande
930 690 1087 745 impiae
1106 692 1248 746 gentis
1267 706 1470 733 arcanum
1489 699 1657 746 patens,
1682 693 1760 733 sub

228 775 356 803 aurea
383 760 474 801 uite
501 760 663 801 cillum.
715 760 1102 814 dissidentibusque
1137 762 1190 802 de
1217 776 1348 816 regno
1375 762 1576 804 fratribus
1604 762 1761 803 arbiter

228 831 365 872 factus
386 845 561 884 regnare
590 829 714 872 iussit
740 831 994 885 Hyrcanum
1006 847 1018 880 ;
1050 831 1366 881 Aristobolum,
1398 832 1500 886 quia
1525 833 1760 873 renouabat

228 900 470 955 imperium,
493 900 539 941 in
559 908 731 943 catenas
750 900 884 942 dedit.
916 901 976 942 sic
994 901 1199 955 Pompeio
1214 903 1322 943 duce
1336 902 1522 956 populus
1533 900 1759 943 Romanus

231 977 386 1019 totam,
418 984 503 1024 qua
531 970 740 1013 latissima
765 977 853 1019 est,
879 970 1029 1011 Asiam
1055 978 1334 1025 peruagatus,
1367 985 1496 1025 quam
1525 978 1759 1013 extremam

229 1038 415 1080 habebat
434 1039 602 1093 imperii
620 1039 887 1093 prouinciam
912 1040 1099 1081 mediam
1118 1040 1233 1081 fecit.
1268 1040 1456 1095 exceptis
1477 1041 1634 1095 quippe
1656 1043 1758 1083 Par-

227 1107 312 1149 this
325 1139 339 1157 ,
371 1107 446 1161 qui
460 1108 614 1150 ‘foedus
632 1109 903 1158 maluerunt,
932 1116 976 1150 et
995 1109 1142 1159 Indis,
1174 1109 1249 1163 qui
1269 1110 1408 1151 adhuc
1428 1124 1506 1151 nos
1526 1125 1606 1151 nec
1625 1125 1757 1152 noue-

226 1184 338 1226 rant,
361 1177 499 1218 omnis
518 1177 623 1219 Asia
649 1177 762 1219 inter
780 1179 956 1220 rubrum
984 1185 1027 1219 et
1047 1178 1252 1232 Caspium
1271 1186 1314 1220 et
1333 1179 1555 1221 Oceanum
1577 1181 1757 1234 Pompe—

224 1245 335 1288 ianis
355 1246 517 1288 domita
535 1247 607 1287 uel
626 1261 825 1301 oppressa
844 1248 978 1302 signis
998 1249 1237 1290 tenebatur.

618 1393 717 1433 XL.
751 1394 995 1434 BELLVM
1018 1394 1374 1435 PIRATICVM.

225 1513 406 1555 Interim
426 1528 524 1554 cum
543 1514 727 1568 populus
755 1516 978 1556 Romanus
1005 1530 1080 1569 per
1109 1515 1277 1557 diuersa
1304 1523 1510 1558 terrarum
1540 1516 1756 1559 districtus
1777 1528 1850 1563 111,
1874 1517 1899 1555 6

224 1591 312 1633 est,
355 1583 511 1624 Cilices
551 1583 799 1625 inuaserant
834 1585 968 1626 maria
1005 1585 1266 1639 sublatisque
1304 1586 1564 1627 commerciis
1575 1618 1589 1637 ,
1629 1594 1755 1641 rupto

223 1653 390 1694 foedere
408 1652 575 1707 generis
594 1652 798 1703 humani,
831 1654 892 1695 sic
921 1654 1056 1694 maria
1080 1654 1194 1695 bello
1214 1654 1336 1708 quasi
1364 1662 1617 1709 tempestate
1636 1671 1755 1710 prae-

222 1722 449 1763 cluserant.
474 1722 696 1764 audaciam
710 1722 886 1777 perditis
901 1723 1153 1778 furiosisque
1168 1723 1404 1774 latronibus
1420 1725 1550 1769 dabat
1564 1725 1757 1780 inquieta

222 1790 527 1832 Mithridaticis
556 1791 727 1848 proeliis
746 1791 875 1842 Asia,
908 1794 1013 1834 dum
1032 1790 1111 1834 sub
1139 1793 1270 1834 alieni
1300 1794 1405 1835 belli
1424 1795 1617 1836 tumultu
1638 1802 1753 1836 exte-

223 1859 342 1913 rique
361 1860 472 1914 regis
491 1860 656 1902 inuidia
675 1860 851 1915 impune
877 1870 1136 1917 grassantur.
1170 1877 1220 1903 ac
1238 1862 1425 1917 primum
1454 1865 1561 1905 duce
1589 1864 1755 1907 Isidoro

221 1929 412 1970 contenti
430 1929 624 1984 proximo
642 1930 750 1971 mari
770 1932 942 1972 Cretam
962 1931 1075 1975 inter
1093 1933 1231 1987 adque
1259 1932 1447 1986 Cyrenas
1476 1939 1520 1974 et
1545 1933 1756 1982 Achaiam

220 1997 446 2052 sinumque
466 1999 676 2050 Maleum,
699 2001 813 2054 quod
833 2001 886 2042 ab
906 2001 1053 2057 spoliis
1074 2016 1251 2044 aureum
1269 2001 1352 2056 ipsi
1372 2016 1602 2053 uocauere,
1625 2003 1753 2045 latro-

219 2066 486 2109 cinabantur.
529 2067 766 2123 missusque
785 2069 831 2110 in
858 2084 929 2111 eos
959 2070 1141 2112 Publius
1170 2071 1379 2119 Seruilius
1409 2072 1605 2125 quamuis
1636 2073 1752 2114 leues

222 2143 265 2177 et
294 2136 466 2192 fugaces
500 2151 780 2192 myoparonas
813 2139 937 2194 graui
971 2147 1014 2181 et
1049 2139 1207 2182 Martia
1241 2141 1375 2182 classe
1412 2142 1553 2182 turbat
1587 2149 1629 2182 et
1663 2151 1751 2182 non

218 2204 441 2247 incruenta
459 2206 638 2248 uictoria
657 2216 842 2262 superat.
877 2210 951 2250 sed
970 2223 1049 2250 nec
1069 2209 1177 2249 mari
1206 2209 1485 2250 summouisse
1506 2217 1748 2260 contentus,

218 2273 501 2316 ualidissimas
521 2276 645 2316 urbes
666 2290 811 2317 eorum
832 2284 874 2317 et
893 2277 1061 2319 diutina
1079 2278 1237 2332 praeda
1267 2278 1533 2319 abundantes
1545 2310 1558 2327 ‚
1592 2278 1750 2321 Phase-

218 2340 280 2383 lin
301 2349 344 2383 et
363 2343 578 2398 Olympon
598 2344 752 2385 euertit
780 2346 1034 2400 Isaurosque
1063 2346 1199 2402 ipsam
1229 2360 1367 2387 arcem
1395 2346 1596 2397 Ciliciae,
1634 2350 1748 2390 unde

222 2521 237 2553 1
257 2518 430 2554 lectulum
446 2530 574 2554 aurum
589 2528 622 2555 Ν
636 2520 647 2565 ΙΙ
665 2532 737 2556 non
755 2526 791 2556 et
806 2522 844 2556 in
859 2530 893 2558 Ν
907 2522 918 2567 ΙΙ
937 2525 957 2557 2
974 2523 1138 2558 hacmine
1154 2532 1180 2559 Β
1197 2524 1208 2570 ΙΙ
1226 2524 1331 2559 siriae
1354 2532 1380 2559 Β
1398 2525 1410 2569 ΙΙ
1426 2528 1446 2558 4
1475 2525 1555 2571 quit
1577 2534 1621 2568 Β,
1649 2527 1747 2572 quod

215 2581 250 2608 Ν
262 2574 274 2620 Ι]
291 2574 531 2610 ierosolimam
546 2583 583 2618 B,
602 2575 876 2622 hierosolymam
891 2587 925 2612 Ν
938 2578 950 2624 ΙΙ
969 2582 989 2614 6
1006 2580 1200 2615 archanum
1215 2588 1241 2616 B
1257 2581 1269 2626 Ι]
1289 2583 1307 2614 7
1325 2592 1432 2616 aurea
1454 2582 1552 2616 uitae
1567 2590 1611 2624 Β,
1637 2593 1747 2619 aureo

219 2629 274 2664 uti
288 2631 348 2677 ΝΗ
366 2631 487 2666 cillum
503 2631 632 2676 compsi
643 2632 697 2666 le
711 2633 904 2678 Moym‘um
919 2638 1055 2670 secum-5
1066 2649 1078 2668 .-
1106 2636 1243 2671 caelum
1258 2645 1301 2678 Β,
1322 2637 1419 2673 caelo
1435 2638 1495 2683 Nu
1512 2639 1532 2671 8
1558 2638 1745 2673 hircanum

214 2692 248 2719 Ν
261 2685 273 2731 Η
290 2686 485 2722 aristobolo
503 2695 536 2721 Ν
550 2686 561 2732 ΙΙ
578 2688 778 2723 renouabat
799 2700 878 2724 eam
900 2701 976 2726 rem
992 2695 1136 2726 catenas
1150 2699 1185 2727 Ν
1198 2692 1210 2738 ΙΙ
1231 2695 1271 2727 10
1287 2697 1366 2728 tots
1380 2701 1406 2729 Β
1423 2693 1435 2738 ss
1452 2694 1527 2728 asia
1549 2702 1575 2728 Β
1601 2695 1613 2740 [Ι
1641 2695 1681 2728 12
1699 2694 1746 2729 ad

217 2739 314 2775 hunc
330 2753 395 2776 nos
411 2754 485 2777 non
500 2750 534 2778 Ν
547 2743 558 2788 ΙΙ
581 2745 619 2778 14
644 2743 741 2789 ignis
756 2744 815 2790 Nl]
835 2747 876 2781 15
894 2754 963 2781 1101
977 2755 1003 2781 B
1020 2747 1032 2792 Η
1052 2749 1092 2782 16
1110 2747 1197 2782 dum
1211 2756 1246 2784 Ν
1259 2750 1270 2794 ΙΙ
1289 2748 1481 2784 destrictus
1496 2757 1532 2789 Β,
1553 2749 1745 2782 distractus

215 2802 250 2829 Ν
262 2795 275 2840 ΙΙ
295 2798 335 2830 19
350 2798 554 2844 periosique
565 2807 592 2833 B
608 2799 620 2844 ΙΙ
639 2802 682 2834 20
699 2800 932 2847 exterritique
946 2810 973 2838 B
989 2803 1001 2848 fl
1020 2805 1059 2837 21
1080 2803 1254 2840 inuidiam
1269 2812 1295 2839 B
1312 2805 1323 2849 Η
1341 2809 1542 2838 crassantur
1556 2811 1581 2836 B
1598 2804 1610 2847 ss
1628 2805 1671 2836 22
1688 2814 1745 2848 sy-

216 2861 320 2885 renas
334 2859 361 2886 Β
377 2853 389 2900 u
407 2856 450 2888 23
463 2855 639 2890 malaeum
654 2863 713 2890 ΒΝ
726 2856 738 2902 ΙΙ
755 2868 777 2890 a
791 2857 851 2902 ΝΊΙ
868 2859 910 2893 24
927 2858 1148 2905 missumque
1172 2868 1198 2894 Β
1215 2860 1228 2905 ΙΙ
1245 2862 1288 2894 25
1305 2859 1428 2894 turbat
1443 2863 1480 2892 et
1495 2858 1641 2902 scripti.-
1668 2863 1746 2892 tur·

218 2905 317 2939 baret
330 2914 391 2941 ΒΝ
403 2909 415 2953 ss
432 2911 475 2944 27
493 2910 743 2946 habundantes
759 2920 790 2946 Ν
806 2913 817 2958 ΙΙ
835 2913 1009 2958 phaselim
1025 2922 1051 2948 Β
1067 2914 1079 2959 ΙΙ
1098 2917 1140 2949 28
1166 2915 1349 2960 olympum
1365 2922 1390 2948 Β
1407 2914 1419 2957 Ιι
1438 2913 1653 2959 isauronque
1668 2921 1701 2948 Ν
1715 2914 1727 2959 ΙΙ

1470 2979 1490 3009 5
1501 2970 1522 2991 ⁴*
1804 2980 1808 2984 ·
