2002 3320
303 241 354 280 58
935 251 1027 280 1vL1
1049 251 1178 280 ηοω

299 350 460 405 potitus
490 348 753 403 Hiempsalis
783 348 921 403 capite
949 364 1049 390 cum
1076 365 1120 391 se
1149 349 1192 391 in
1232 350 1519 393 Adherbalem
1547 350 1826 395 conuertisset

300 420 419 473 isque
440 421 623 460 Romam
647 417 927 472 profugisset,
969 419 1100 460 missa
1125 434 1200 473 per
1227 421 1390 475 legatos
1417 421 1600 476 pecunia
1629 422 1760 463 traxit
1778 422 1824 462 in

300 488 557 529 sententiam
577 501 699 528 suam
719 493 930 528 senatum.
964 494 1007 528 et
1026 488 1131 528 haec
1151 488 1242 530 eius
1262 490 1345 530 fuit
1365 491 1416 531 de
1436 491 1559 532 nobis
1579 491 1716 545 prima
1734 491 1822 532 uic-

299 557 420 598 toria.
462 557 612 598 missos
642 556 820 606 deinde,
853 556 926 610 qui
955 571 1135 611 regnum
1164 557 1276 598 inter
1304 556 1428 599 illum
1455 560 1824 614 Adherbalemque

300 626 564 675 diuiderent,
602 625 798 667 similiter
829 627 1074 679 adgressus,
1107 640 1206 667 cum
1231 626 1278 667 in
1308 627 1466 669 Scauro
1495 629 1608 683 ipsos
1636 630 1822 671 Romani

299 695 466 749 imperii
492 710 629 736 mores
658 702 970 749 expugnasset,
1001 695 1251 737 inchoatum
1277 697 1396 738 nefas
1424 698 1599 751 perfecit
1627 699 1818 740 audacia.

300 767 373 806 sed
401 779 490 806 non
519 765 594 806 diu
627 766 764 806 latent
798 766 968 806 scelera.
1016 771 1237 819 corruptae
1264 766 1383 807 nefas
1413 767 1638 821 legationis
1666 769 1821 822 erupit,

297 834 542 889 placuitque
562 834 757 888 persequi
775 835 888 875 bello
908 834 1175 887 parricidam.
1208 835 1372 889 primus
1393 836 1439 876 in
1459 835 1711 878 Numidiam
1727 839 1823 879 Cal-

298 904 477 958 purnius
497 903 645 944 Bestia
664 904 814 944 consul
834 903 1067 945 inmittitur
1079 919 1090 953 ;
1130 906 1204 946 sed
1231 919 1330 954 rex,
1354 913 1551 959 expertus
1582 904 1732 947 fortius
1753 908 1824 947 ad-

299 988 447 1015 uersus
468 975 684 1014 Romanos
706 987 858 1014 aurum
878 988 967 1014 esse
998 988 1126 1027 quam
1154 974 1339 1024 ferrum,
1369 989 1518 1029 pacem
1545 975 1662 1016 emit.
1704 975 1824 1016 cuius

299 1043 452 1098 flagitii
471 1057 567 1083 reus
588 1057 686 1083 cum
701 1042 1015 1084 interueniente
1030 1043 1202 1097 publica
1216 1046 1300 1085 fide
1317 1059 1342 1085 a
1357 1050 1510 1085 senatu
1530 1039 1822 1094 arcesseretur‚

297 1112 390 1167 pari
410 1112 587 1154 audacia
606 1118 649 1152 et
668 1112 790 1152 uenit
810 1118 852 1153 et
881 1112 1186 1166 conpetitorem
1212 1112 1380 1167 imperii
1408 1114 1457 1153 M
1460 1113 1683 1154 assinissae
1710 1115 1824 1155 Mas-

299 1183 436 1224 siuam
469 1182 646 1223 inmisso
679 1196 924 1235 percussore
959 1181 1155 1223 confecit.
1196 1181 1301 1222 haec
1337 1183 1469 1222 altera
1502 1189 1650 1223 contra
1683 1196 1826 1237 regem

298 1267 425 1294 causa
443 1251 547 1293 belli
566 1251 664 1292 fuit.
687 1249 820 1305 igitur
841 1265 1020 1306 sequens
1041 1251 1151 1292 ultio
1171 1252 1399 1291 mandatur
1418 1249 1591 1292 Albino.
1612 1258 1676 1292 set
1694 1251 1824 1292 huius

298 1313 469 1376 quoque
498 1345 550 1351 —
570 1335 646 1375 pro
667 1322 848 1361 dedecus
872 1345 923 1350 -
945 1320 1074 1361 frater
1093 1320 1155 1361 ita
1174 1320 1361 1374 corrupit
1390 1320 1647 1370 exercitum,
1679 1326 1729 1361 ut
1748 1335 1823 1361 uo-

297 1390 485 1432 luntaria
504 1397 746 1432 nostrorum
765 1391 869 1444 fuga
895 1389 1086 1431 uinceret
1116 1390 1308 1431 Numida
1333 1389 1563 1443 castrisque
1590 1395 1822 1444 poteretur,

298 1460 442 1501 addito
463 1460 592 1501 etiam
613 1459 729 1514 turpi
748 1460 914 1500 foedere
934 1459 981 1499 in
1000 1459 1186 1513 pretium
1218 1458 1367 1500 salutis
1379 1491 1392 1508 ,
1426 1454 1508 1513 quo
1544 1473 1648 1513 quos
1669 1465 1827 1501 emerat

297 1529 460 1570 dimisit
481 1528 705 1570 exercitus.
742 1530 916 1570 tandem
943 1529 990 1569 in
1010 1529 1220 1570 ultionem
1238 1543 1326 1569 non
1347 1535 1435 1569 tam
1454 1528 1621 1583 imperii
1641 1528 1827 1569 Romani

296 1613 426 1653 quam
443 1599 617 1653 pudoris
638 1600 841 1640 Metellus
863 1598 1078 1653 adsurgit,
1111 1598 1186 1653 qui
1215 1598 1486 1639 callidissime
1516 1598 1682 1639 hostem
1709 1612 1826 1638 nunc

295 1668 491 1722 precibus
521 1683 637 1709 nunc
666 1669 794 1710 minis
807 1700 819 1718 ,
857 1668 944 1710 iam
973 1668 1175 1710 simulata
1203 1668 1290 1710 iam
1319 1683 1421 1709 uera
1449 1668 1552 1722 fuga
1581 1668 1826 1709 eludentem

296 1737 457 1779 artibus
479 1737 567 1779 suis
589 1740 811 1793 adgressus
833 1745 910 1779 est.
944 1753 1142 1792 agrorum
1172 1744 1299 1792 atque
1328 1736 1522 1779 uicorum
1549 1737 1825 1792 populatione

296 1822 374 1848 nec
395 1814 620 1849 contentus
641 1807 688 1848 in
707 1807 800 1862 ipsa
814 1807 1047 1849 Numidiae
1063 1807 1203 1862 capita
1217 1807 1426 1861 impetum
1440 1807 1565 1857 fecit;
1590 1814 1633 1848 et
1647 1808 1826 1848 Zamam

297 1877 469 1930 quidem
488 1877 645 1918 flustra
664 1877 815 1927 adiuit,
840 1883 1027 1918 ceterum
1050 1877 1255 1926 Thalam,
1278 1891 1454 1931 grauem
1475 1877 1602 1918 armis
1623 1877 1823 1918 thensau-

295 1946 438 2000 risque
458 1946 584 2000 regis‚
609 1946 800 2000 diripuit.
835 1953 939 1986 tunc
961 1946 1137 1987 urbibus
1159 1953 1339 1987 exutum
1354 1961 1498 2000 regem
1513 1954 1556 1988 et
1571 1946 1658 1987 iam
1672 1947 1827 1988 finium

296 2030 469 2057 suorum
489 2015 693 2070 regnique
721 2015 955 2068 fugitiuum
974 2029 1049 2068 per
1069 2016 1243 2056 Mauros
1265 2018 1400 2069 adque
1416 2016 1662 2056 Gaetuliam
1676 2030 1822 2069 seque-

1854 983 1896 1015 10

1854 1327 1895 1360 15

1852 1675 1896 1707 20

1852 2024 1895 2056 25

294 2085 434 2124 batur.
465 2090 678 2138 postremo
698 2084 863 2125 Marius
884 2084 1018 2125 auctis
1040 2085 1269 2124 admodum
1290 2084 1438 2138 copiis,
1462 2098 1559 2125 cum
1578 2098 1655 2138 pro
1675 2086 1823 2126 obscu-
1890 2127 1896 2130 ,

293 2152 418 2193 ritate
438 2153 604 2207 generis
625 2154 692 2195 sui
713 2153 849 2208 capite
870 2168 1017 2195 censos
1039 2160 1302 2195 sacramento
1324 2153 1551 2207 adegisset,
1574 2153 1661 2194 iam
1680 2154 1825 2196 fusum

295 2229 337 2262 et
367 2222 559 2263 saucium
589 2237 732 2277 regem
759 2224 931 2264 adortus
944 2253 957 2272 ,
995 2237 1083 2263 non
1111 2222 1278 2263 facilius
1316 2229 1460 2263 tamen
1495 2222 1600 2263 uicit
1629 2238 1759 2276 quam
1787 2223 1823 2264 si

294 2291 508 2346 integrum
528 2307 576 2335 ac
594 2299 822 2335 recentem.
854 2291 926 2334 hic
956 2298 998 2335 et
1027 2292 1175 2334 urbem
1195 2292 1248 2334 ab
1269 2292 1458 2335 Hercule
1479 2291 1694 2334 conditam
1714 2294 1823 2348 Cap-

297 2529 310 2560 1
330 2526 522 2571 potiusque
538 2527 718 2561 hiemsalis
734 2535 768 2561 Ν
781 2527 792 2573 ΙΙ
811 2530 830 2561 2
848 2528 975 2573 hisque
987 2536 1017 2570 ,Β
1035 2528 1045 2573 ΙΙ
1065 2530 1083 2562 3
1109 2528 1196 2562 haec
1213 2528 1283 2562 fuit
1299 2522 1343 2562 de
1360 2527 1464 2562 nobis
1489 2527 1566 2561 eius
1593 2533 1624 2560 N
1640 2526 1651 2571 ΙΙ
1669 2527 1689 2559 4
1707 2525 1823 2559 ather-

292 2581 480 2627 balemque
496 2590 529 2615 N
543 2582 554 2627 Η
573 2584 593 2615 6
611 2582 781 2616 audacius
796 2591 831 2616 N
845 2583 856 2628 ss
876 2585 894 2615 7
913 2582 975 2616 diu
992 2594 1066 2616 non
1082 2592 1115 2617 N
1129 2584 1140 2629 ΙΙ
1160 2585 1179 2617 8
1206 2583 1301 2618 bello
1327 2582 1494 2628 persequi
1518 2587 1552 2616 N
1567 2582 1578 2627 ΙΙ
1596 2583 1616 2615 9
1633 2580 1749 2614 uestia
1763 2588 1788 2614 Β
1806 2580 1818 2625 ΙΙ

293 2641 461 2682 expertus
491 2637 636 2681 scripsi:
674 2638 811 2682 peritus
841 2646 900 2672 BN
931 2637 941 2683 Η
980 2640 1017 2671 11
1044 2643 1283 2673 accesseretur
1314 2646 1348 2673 N
1370 2638 1382 2683 ΙΙ
1412 2640 1451 2671 12
1485 2634 1624 2682 imperii
1650 2632 1820 2670 asinissae

293 2692 465 2726 masiuam
482 2700 515 2726 N
529 2691 540 2737 ΙΙ
566 2691 773 2726 masinissae
806 2704 861 2726 om
887 2701 912 2726 B
941 2694 952 2738 Η
981 2696 1021 2727 13
1047 2705 1168 2739 regem
1184 2693 1254 2728 fuit
1271 2705 1377 2728 causa
1391 2691 1596 2727 bellandiN
1616 2690 1628 2735 ΙΙ
1655 2693 1695 2724 15
1712 2691 1820 2726 frater

294 2760 349 2782 om
364 2755 396 2782 N
412 2748 422 2793 ΙΙ
444 2750 483 2782 16
501 2751 684 2793 poteretur
702 2746 721 2780 b
733 2760 744 2779 :
770 2747 945 2791 potiretur
968 2757 1026 2783 BN
1039 2750 1051 2794 Ιί
1073 2753 1112 2783 17
1131 2761 1202 2794 quo
1219 2749 1348 2794 scripsi
1356 2762 1367 2781 .·
1400 2747 1497 2793 quod
1513 2755 1549 2788 Β,
1570 2746 1667 2792 quod
1684 2747 1820 2791 primus

294 2811 326 2836 N
341 2803 351 2848 ΙΙ
373 2805 412 2837 18
430 2803 626 2838 exercitum
643 2803 768 2837 eodem
785 2806 943 2847 tempore
961 2803 997 2837 in
1013 2812 1044 2837 N
1061 2804 1072 2848 Η
1093 2807 1134 2838 19
1150 2804 1303 2839 metellis
1318 2812 1344 2838 Β
1361 2804 1372 2849 ΙΙ
1391 2806 1434 2838 20
1451 2802 1521 2836 iam
1538 2802 1639 2847 quasi
1657 2813 1742 2836 uera
1757 2809 1790 2836 Ν
1804 2802 1816 2847 ΙΙ

294 2860 336 2892 22
354 2868 419 2892 nec
436 2857 557 2892 addidi
566 2872 577 2892 -.·
596 2870 651 2892 om
662 2865 720 2892 ΒΝ
734 2858 745 2903 Η
764 2863 990 2904 contemptus
1005 2867 1063 2894 BN
1077 2860 1089 2905 ΙΙ
1108 2862 1150 2894 23
1161 2860 1277 2894 adiuit
1291 2858 1436 2904 sortpsi:
1454 2857 1652 2899 diuoluitB‚
1673 2858 1735 2892 diu
1746 2858 1823 2893 uol-

295 2913 388 2947 uitN
403 2914 414 2959 Η
433 2914 715 2959 thensaurosque
730 2921 764 2948 N
778 2913 789 2959 ΙΙ
809 2916 850 2948 24
868 2914 1048 2959 disrupuit
1062 2923 1095 2949 N
1109 2915 1121 2960 ΙΙ
1140 2917 1181 2948 29
1200 2915 1265 2948 hac
1281 2921 1316 2955 Β,
1336 2918 1373 2948 et
1388 2921 1421 2948 N
1435 2914 1445 2958 ΙΙ
1465 2912 1587 2947 urbem
1604 2913 1742 2950 herculi
1756 2921 1790 2948 N
1803 2913 1815 2959 ΙΙ
