2002 3320
175 688 195 719 5

158 1120 200 1152 10

159 1468 200 1501 15

159 1818 202 1850 20

159 2221 205 2254 25

635 298 835 328 1311101111
854 299 889 334 1,
911 293 1059 326 40-42
1083 285 1173 341 [111,
1197 284 1333 340 6—8].
1704 285 1758 324 69

224 401 370 456 gamit,
400 400 630 453 eodemque
650 404 838 451 tempore
858 403 901 438 et
929 412 1055 439 usum
1074 396 1202 438 maris
1223 396 1407 438 nauibus
1432 395 1698 450 recuperauit
1717 403 1762 437 et

228 478 360 511 terrae
379 468 573 511 homines
593 482 691 510 suos
711 467 909 508 reddidit.
942 467 1047 522 quid
1073 467 1191 522 prius
1218 467 1265 508 in
1284 467 1365 508 hac
1384 465 1534 507 mirere
1554 465 1759 507 uictoria?

227 538 523 582 uelocitatem?
559 537 914 592 quadragensimo
942 536 1012 578 die
1039 543 1161 592 parta
1190 544 1268 579 est.
1316 551 1372 577 an
1399 534 1676 576 felicitatem?
1705 549 1760 576 ne

224 623 312 651 una
337 609 510 664 quidem
538 608 662 649 nauis
693 607 848 650 amissa
875 613 954 649 est.
988 621 1045 648 an
1074 621 1175 648 uero
1194 604 1550 661 perpetuitatem?
1573 604 1759 659 amplius

222 678 382 733 piratae
402 693 490 720 11011
509 678 695 719 fuerunt.

599 802 734 847 .XLI.
767 801 1013 856 BELLVM
1034 801 1364 843 CRETIOVM.

225 903 442 945 Creticum
460 904 646 955 bellum,
679 903 715 946 si
734 905 836 944 ue'ra
855 903 1054 945 uolumus
1067 935 1080 953 ,
1107 903 1201 959 [nos
1221 901 1416 958 fecimus]
1447 901 1537 943 sola
1557 899 1760 942 uincendi

225 973 413 1014 nobilem
430 972 617 1013 insulam
632 973 843 1028 cupiditas
854 973 970 1014 fecit.
990 972 1146 1014 fauisse
1155 971 1400 1014 Mithridati
1409 970 1660 1020 uidebatur;
1679 971 1760 1012 hoc

225 1043 387 1097 placuit
408 1042 534 1084 armis
561 1042 794 1084 uindicare.
839 1043 1002 1097 primus
1036 1043 1198 1084 inuasit
1226 1041 1414 1084 insulam
1433 1042 1605 1082 Marcus
1624 1042 1760 1082 Anto-

227 1113 325 1154 nius
338 1145 352 1162 ,
389 1127 488 1154 cum
506 1113 674 1167 ingenti
704 1112 877 1166 quidem
896 1110 1100 1154 uictoriae
1127 1127 1201 1166 spe
1222 1119 1348 1167 atque
1368 1112 1548 1161 fiducia,
1587 1113 1692 1152 adeo
1712 1118 1762 1152 ut

226 1182 359 1237 pluris
379 1190 551 1224 catenas
570 1182 617 1235 in
633 1182 817 1224 nauibus
838 1197 967 1237 quam
987 1196 1104 1223 arma
1122 1189 1324 1237 portaret.
1360 1182 1478 1223 dedit
1497 1182 1641 1236 itaque
1661 1196 1760 1236 poe—

225 1267 303 1294 nas
322 1252 559 1294 uecordiae.
583 1267 686 1293 nam
700 1253 923 1307 plerasque
938 1267 1071 1294 naues
1086 1252 1312 1307 intercepit
1331 1252 1483 1302 hostis,
1506 1252 1761 1306 captiuaque

226 1336 398 1376 corpora
416 1323 645 1378 religantes
666 1322 774 1364 uelis
795 1337 843 1363 ac
863 1321 1038 1363 funibus
1058 1323 1331 1378 suspendere,
1356 1337 1405 1363 ac
1421 1322 1480 1364 sic
1495 1322 1761 1363 uelificantes

226 1391 584 1446 triumphantium
602 1392 650 1433 in
668 1393 844 1432 modum
865 1392 1011 1433 Cretes
1030 1392 1222 1446 portibus
1253 1392 1340 1434 suis
1371 1392 1757 1447 adremigauerunt.

227 1462 431 1503 Metellus
460 1461 614 1503 deinde
650 1468 787 1502 totam
824 1461 1012 1502 insulam
1045 1461 1138 1516 igni
1171 1462 1363 1516 ferroque
1389 1463 1619 1516 populatus
1649 1462 1762 1503 intra

228 1531 403 1572 castella
429 1538 472 1572 et
502 1532 627 1573 urbes
660 1531 849 1586 redegit,
888 1532 1062 1573 Cnoson
1096 1531 1388 1586 Eleythernan
1417 1540 1484 1582 et,
1522 1540 1571 1573 ut
1606 1533 1762 1574 Graeci

228 1601 365 1642 dicere
401 1601 555 1651 solent,
592 1601 764 1642 urbium
796 1607 977 1642 matrem
1007 1601 1281 1657 ,Cydoneam;
1331 1603 1520 1657 adeoque
1555 1617 1680 1644 saeue
1715 1603 1761 1643 in

228 1671 420 1725 captiuos
441 1672 741 1713 consulebatur
759 1678 809 1712 ut
828 1685 996 1712 ueneno
1017 1685 1061 1712 se
1080 1671 1271 1726 plerique
1291 1674 1572 1722 conficerent,
1596 1673 1671 1713 alii
1690 1674 1760 1714 de-

228 1740 436 1782 ditionem
455 1757 576 1783 suam
597 1743 651 1783 ad
681 1740 936 1795 Pompeium
967 1741 1198 1782 absentem*
1214 1741 1448 1783 mitterent.
1491 1749 1534 1783 et
1564 1757 1663 1783 00111
1690 1742 1762 1783 ille

228 1825 293 1852 res
313 1811 359 1851 in
378 1810 482 1853 Asia
501 1826 675 1866 gerens,
707 1825 757 1852 eo
787 1825 953 1865 quoque
972 1811 1234 1864 praefectum
1253 1812 1438 1854 misisset
1456 1813 1696 1854 Antonium
1717 1813 1763 1853 in

230 1880 416 1922 alienam
443 1881 731 1936 prouinciam,
771 1881 925 1922 imitus
960 1880 1067 1931 fuit,
1106 1896 1239 1936 eoque
1268 1881 1462 1923 infestior
1488 1883 1691 1924 Metellus
1719 1883 1765 1923 in

230 1950 372 1992 hostes
392 1951 459 1992 ius
479 1950 652 1992 uictoris
672 1951 886 2001 exercuit,
915 1950 1126 2006 uictisque
1157 1952 1372 1994 Lasthene
1392 1960 1435 1994 et
1455 1954 1621 1994 Panare
1635 1985 1648 2002 ,
1681 1955 1763 2008 Cy·

229 2021 390 2061 doneae
410 2021 613 2071 ducibus,
635 2021 774 2062 uictor
791 2020 933 2062 rediit.
966 2036 1046 2063 nec
1074 2021 1303 2078 quicquam
1333 2029 1478 2063 tamen
1508 2023 1692 2078 amplius
1713 2024 1765 2065 de

230 2097 320 2132 tam
338 2091 500 2133 famosa
518 2090 698 2132 uictoria
718 2106 846 2146 quam
866 2105 1102 2147 cognomen
1124 2092 1342 2134 Creticum
1361 2093 1608 2147 reportauit.

557 2215 708 2256 XLII.
747 2216 992 2257 BELLVM
1013 2217 1425 2258 BALEARICVM.

231 2314 455 2357 Quatenus
490 2314 657 2355 Metelli
686 2315 954 2356 Macedonici
981 2317 1132 2357 domus
1165 2316 1329 2357 bellicis
1357 2317 1658 2371 agnominibus
1693 2319 1765 2359 ad-

232 2391 453 2432 sueuerat,
485 2383 617 2425 altero
638 2398 692 2424 ex
710 2384 854 2426 liberis
874 2384 965 2427 eius
991 2385 1158 2427 Cretico
1174 2386 1286 2427 facto
1302 2400 1421 2428 mora
1436 2401 1523 2428 non
1544 2388 1642 2438 fuit,
1662 2388 1766 2443 quin

235 2529 254 2561 2
272 2538 311 2561 ac
327 2536 353 2561 Β
370 2527 381 2573 ΙΙ
401 2530 421 2562 3
439 2528 537 2574 quod
553 2529 852 2574 quadragensimo
867 2538 901 2564 N
915 2531 926 2577 ss
945 2532 1218 2577 quadragesimo
1233 2540 1259 2567 Β
1277 2532 1288 2578 ΙΙ
1305 2538 1429 2579 parata
1443 2542 1470 2568 B
1487 2534 1498 2579 11
1517 2534 1615 2581 quod
1631 2547 1676 2569 ne
1692 2543 1725 2569 N
1740 2536 1751 2581 ΙΙ

232 2585 251 2616 4
277 2583 375 2629 quod
399 2584 553 2629 amplius
575 2593 633 2619 ΒΝ
656 2586 667 2631 ΙΙ
692 2589 713 2620 6
745 2595 831 2621 nn
863 2595 889 2620 Β
913 2588 925 2632 ΙΙ
952 2590 969 2620 7
998 2588 1166 2623 uolumus
1189 2596 1325 2622 nosce&
1348 2601 1414 2624 nos
1437 2590 1496 2636 ΝΙΙ
1523 2593 1542 2625 8
1568 2591 1767 2636 cupiditate

234 2639 365 2674 fauisse
382 2648 415 2674 N
429 2640 439 2685 Η
462 2642 502 2674 10
527 2641 678 2676 fiduciae
701 2650 726 2675 B
743 2642 754 2686 ss
776 2645 811 2676 11
834 2643 953 2688 plures
976 2651 1001 2678 B
1019 2644 1030 2689 ΙΙ
1051 2646 1090 2678 12
1110 2645 1320 2680 uaecordiae
1336 2654 1361 2680 Β
1379 2646 1390 2691 ΙΙ
1408 2646 1627 2693 intercepere
1645 2647 1767 2681 hostes

233 2702 265 2728 N
280 2695 291 2740 ΙΙ
312 2697 351 2728 13
378 2696 529 2742 religata
553 2705 585 2732 N
601 2698 611 2742 ss
637 2698 839 2743 pependere
862 2707 896 2732 Ν
910 2699 920 2744 ΙΙ
939 2711 979 2734 ac
1012 2700 1042 2734 si
1073 2709 1098 2735 Β
1115 2701 1127 2746 ΙΙ
1149 2704 1189 2736 16
1216 2707 1252 2736 et
1279 2714 1417 2748 gnosen
1443 2710 1476 2737 Ν
1490 2703 1502 2748 ΙΙ
1520 2703 1767 2737 Eleuthernan

231 2750 359 2795 scripsi
373 2752 533 2786 Vossium
549 2757 710 2787 secutus:
728 2759 796 2788 aet
811 2754 1000 2800 erythrean
1016 2764 1053 2798 B,
1073 2762 1110 2791 et
1127 2757 1329 2803 erythream
1346 2767 1379 2793 Ν
1393 2759 1404 2803 ΙΙ
1426 2761 1464 2793 17
1484 2764 1598 2792 mater
1614 2767 1639 2791 Β
1656 2759 1667 2802 ΙΙ
1686 2758 1768 2792 ade-

236 2817 328 2851 oqua
345 2819 473 2843 saeuae
487 2818 513 2843 Β
531 2810 542 2854 [Ι
564 2812 603 2843 lS
621 2810 914 2852 consolebaturss,
935 2813 1231 2849 consulabaturN
1245 2815 1257 2860 ss
1275 2817 1319 2850 20
1332 2827 1374 2849 eo
1386 2826 1529 2860 quoque
1537 2812 1722 2847 deleuerim
1741 2812 1752 2857 Ι]

236 2863 274 2895 21
289 2862 440 2899 alienam
452 2866 674 2911 prouinciam
685 2866 942 2902 Mommenius
953 2882 965 2902 .·
983 2869 1066 2904 alim
1081 2871 1303 2916 prouinciam
1312 2880 1349 2912 Β,
1369 2871 1485 2904 aliena
1501 2869 1727 2915 prouinciaN
1741 2868 1753 2914 ss

235 2919 278 2951 22
295 2918 495 2963 cydonaeae
511 2930 555 2963 Β,
575 2922 735 2968 cydonae
751 2930 784 2956 Ν
798 2923 809 2967 ΙΙ
829 2925 869 2956 23
888 2924 982 2959 redit
997 2933 1030 2959 Ν
1044 2925 1056 2971 ΙΙ
1072 2927 1226 2972 amplius
1250 2933 1370 2961 tamen
1386 2934 1419 2960 N
1433 2926 1444 2970 ll
1464 2928 1506 2959 25
1533 2933 1637 2959 xmu
1655 2933 1679 2959 Β
1696 2925 1707 2970 ἢ
1725 2926 1768 2959 27

235 2975 486 3019 agnominibus
502 2978 630 3023 scripsi
638 2993 650 3012 .·
669 2979 734 3013 hac
751 2980 957 3016 nominibus
972 2990 1009 3023 Β,
1030 2983 1236 3017 nominibus
1252 2991 1285 3016 N
1299 2983 1310 3025 ξΙ

1782 913 1854 948 111,
1880 900 1902 938 7

1788 2329 1859 2363 111,
1884 2315 1908 2355 8
