<?xml version="1.0" encoding="UTF-8"?>
<!DOCTYPE html PUBLIC "-//W3C//DTD XHTML 1.0 Transitional//EN"
    "http://www.w3.org/TR/xhtml1/DTD/xhtml1-transitional.dtd">
<html xmlns="http://www.w3.org/1999/xhtml" xml:lang="en" lang="en">
 <head>
  <title>
</title>
<meta http-equiv="Content-Type" content="text/html;charset=utf-8" />
  <meta name='ocr-system' content='tesseract 3.04.00' />
  <meta name='ocr-capabilities' content='ocr_page ocr_carea ocr_par ocr_line ocrx_word'/>
</head>
<body>
  <div class='ocr_page' id='page_1' title='image "./epitomaedetitol00floruoft_0016.png"; bbox 0 0 2002 3320; ppageno 0'>
   <div class='ocr_carea' id='block_1_1' title="bbox 261 232 1165 271">
    <p class='ocr_par' dir='ltr' id='par_1_1' title="bbox 261 232 1165 271">
     <span class='ocr_line' id='line_1_1' title="bbox 261 232 1165 271; baseline 0.001 -3"><span class='ocrx_word' id='word_1_1' title='bbox 261 232 342 268; x_wconf 93' lang='lat' dir='ltr'><strong>XII</strong></span> <span class='ocrx_word' id='word_1_2' title='bbox 905 241 1165 271; x_wconf 75' lang='lat' dir='ltr'>PRAEFATIO.</span> 
     </span>
    </p>
   </div>
   <div class='ocr_carea' id='block_1_2' title="bbox 256 339 1874 2983">
    <p class='ocr_par' dir='ltr' id='par_1_2' title="bbox 263 339 1809 744">
     <span class='ocr_line' id='line_1_2' title="bbox 263 339 1809 392; baseline 0.001 -12"><span class='ocrx_word' id='word_1_3' title='bbox 263 341 447 381; x_wconf 88' lang='lat' dir='ltr'><strong>eundem</strong></span> <span class='ocrx_word' id='word_1_4' title='bbox 467 354 558 381; x_wconf 86' lang='lat' dir='ltr'><strong>esse</strong></span> <span class='ocrx_word' id='word_1_5' title='bbox 580 339 775 380; x_wconf 85' lang='lat' dir='ltr'><strong>codicum</strong></span> <span class='ocrx_word' id='word_1_6' title='bbox 802 344 853 382; x_wconf 92' lang='lat' dir='ltr'><em>N</em></span> <span class='ocrx_word' id='word_1_7' title='bbox 876 347 919 382; x_wconf 88' lang='lat' dir='ltr'><strong>et</strong></span> <span class='ocrx_word' id='word_1_8' title='bbox 948 354 974 392; x_wconf 88' lang='grc' dir='ltr'><em>ς</em></span> <span class='ocrx_word' id='word_1_9' title='bbox 1001 342 1185 391; x_wconf 87' lang='lat' dir='ltr'><strong>fontem,</strong></span> <span class='ocrx_word' id='word_1_10' title='bbox 1221 341 1439 382; x_wconf 89' lang='lat' dir='ltr'><strong>diuersum</strong></span> <span class='ocrx_word' id='word_1_11' title='bbox 1466 342 1518 382; x_wconf 91' lang='lat' dir='ltr'><strong>ab</strong></span> <span class='ocrx_word' id='word_1_12' title='bbox 1539 355 1588 382; x_wconf 86' lang='lat' dir='ltr'><strong>eo</strong></span> <span class='ocrx_word' id='word_1_13' title='bbox 1628 343 1740 382; x_wconf 91' lang='lat' dir='ltr'><strong>unde</strong></span> <span class='ocrx_word' id='word_1_14' title='bbox 1770 347 1809 383; x_wconf 91' lang='lat' dir='ltr'><em>B</em></span> 
     </span>
     <span class='ocr_line' id='line_1_3' title="bbox 264 409 1803 463; baseline 0.001 -13"><span class='ocrx_word' id='word_1_15' title='bbox 264 410 482 451; x_wconf 87' lang='lat' dir='ltr'><strong>deriuatus</strong></span> <span class='ocrx_word' id='word_1_16' title='bbox 510 417 587 451; x_wconf 89' lang='lat' dir='ltr'><strong>est.</strong></span> <span class='ocrx_word' id='word_1_17' title='bbox 643 409 824 463; x_wconf 89' lang='lat' dir='ltr'><strong>denique</strong></span> <span class='ocrx_word' id='word_1_18' title='bbox 844 410 997 452; x_wconf 91' lang='lat' dir='ltr'><strong>ultimo</strong></span> <span class='ocrx_word' id='word_1_19' title='bbox 1018 411 1139 460; x_wconf 87' lang='lat' dir='ltr'><strong>libro,</strong></span> <span class='ocrx_word' id='word_1_20' title='bbox 1174 411 1249 452; x_wconf 89' lang='lat' dir='ltr'><strong>ubi</strong></span> <span class='ocrx_word' id='word_1_21' title='bbox 1278 416 1316 452; x_wconf 91' lang='lat' dir='ltr'><em>B</em></span> <span class='ocrx_word' id='word_1_22' title='bbox 1345 411 1511 462; x_wconf 90' lang='lat' dir='ltr'><strong>deficit,</strong></span> <span class='ocrx_word' id='word_1_23' title='bbox 1545 412 1650 452; x_wconf 89' lang='lat' dir='ltr'><strong>haec</strong></span> <span class='ocrx_word' id='word_1_24' title='bbox 1680 411 1803 463; x_wconf 89' lang='lat' dir='ltr'><strong>uitia,</strong></span> 
     </span>
     <span class='ocr_line' id='line_1_4' title="bbox 265 474 1311 533; baseline 0.003 -14"><span class='ocrx_word' id='word_1_25' title='bbox 265 479 418 533; x_wconf 87' lang='lat' dir='ltr'><strong>quibus</strong></span> <span class='ocrx_word' id='word_1_26' title='bbox 446 484 496 521; x_wconf 90' lang='lat' dir='ltr'><em>N</em></span> <span class='ocrx_word' id='word_1_27' title='bbox 512 474 761 533; x_wconf 84' lang='lat' dir='ltr'><strong>deturpatus</strong></span> <span class='ocrx_word' id='word_1_28' title='bbox 782 486 867 529; x_wconf 86' lang='lat' dir='ltr'><strong>est,</strong></span> <span class='ocrx_word' id='word_1_29' title='bbox 891 480 938 520; x_wconf 91' lang='lat' dir='ltr'><strong>in</strong></span> <span class='ocrx_word' id='word_1_30' title='bbox 959 493 985 531; x_wconf 85' lang='grc' dir='ltr'><strong><em>ς</em></strong></span> <span class='ocrx_word' id='word_1_31' title='bbox 1005 487 1190 521; x_wconf 86' lang='lat' dir='ltr'><strong>correcta</strong></span> <span class='ocrx_word' id='word_1_32' title='bbox 1210 488 1311 522; x_wconf 88' lang='lat' dir='ltr'><strong>sunt</strong></span> 
     </span>
     <span class='ocr_line' id='line_1_5' title="bbox 441 549 1089 604; baseline 0.002 -14"><span class='ocrx_word' id='word_1_33' title='bbox 441 564 470 604; x_wconf 92' lang='lat' dir='ltr'><strong>p</strong></span> <span class='ocrx_word' id='word_1_34' title='bbox 497 553 589 599; x_wconf 89' lang='lat'><strong>123,</strong></span> <span class='ocrx_word' id='word_1_35' title='bbox 644 554 666 589; x_wconf 89' lang='lat'>5</span> <span class='ocrx_word' id='word_1_36' title='bbox 690 550 742 590; x_wconf 87' lang='lat' dir='ltr'><strong>ad</strong></span> <span class='ocrx_word' id='word_1_37' title='bbox 764 549 854 590; x_wconf 86' lang='lat' dir='ltr'><strong>add</strong></span> <span class='ocrx_word' id='word_1_38' title='bbox 872 562 922 600; x_wconf 69' lang='lat'><strong>3.-</strong></span> <span class='ocrx_word' id='word_1_39' title='bbox 955 564 1019 591; x_wconf 88' lang='lat' dir='ltr'><strong>om</strong></span> <span class='ocrx_word' id='word_1_40' title='bbox 1039 554 1089 591; x_wconf 93' lang='lat' dir='ltr'><em>N</em></span> 
     </span>
     <span class='ocr_line' id='line_1_6' title="bbox 490 618 1807 674; baseline 0.002 -14"><span class='ocrx_word' id='word_1_41' title='bbox 490 623 582 669; x_wconf 87' lang='lat'><strong>123,</strong></span> <span class='ocrx_word' id='word_1_42' title='bbox 638 623 659 659; x_wconf 92' lang='lat'>8</span> <span class='ocrx_word' id='word_1_43' title='bbox 682 618 889 659; x_wconf 88' lang='lat' dir='ltr'><strong>uictorem</strong></span> <span class='ocrx_word' id='word_1_44' title='bbox 909 619 1103 673; x_wconf 88' lang='lat' dir='ltr'><strong>gentium</strong></span> <span class='ocrx_word' id='word_1_45' title='bbox 1122 621 1331 674; x_wconf 88' lang='lat' dir='ltr'><strong>populum</strong></span> <span class='ocrx_word' id='word_1_46' title='bbox 1349 635 1573 663; x_wconf 89' lang='lat' dir='ltr'><strong>romanum</strong></span> <span class='ocrx_word' id='word_1_47' title='bbox 1593 635 1619 674; x_wconf 85' lang='grc' dir='ltr'><em>ς</em></span> <span class='ocrx_word' id='word_1_48' title='bbox 1631 640 1644 663; x_wconf 89' lang='grc'><strong>.·</strong></span> <span class='ocrx_word' id='word_1_49' title='bbox 1675 621 1807 664; x_wconf 91' lang='lat' dir='ltr'><strong>uicto-</strong></span> 
     </span>
     <span class='ocr_line' id='line_1_7' title="bbox 681 689 1424 744; baseline 0.003 -15"><span class='ocrx_word' id='word_1_50' title='bbox 681 689 789 730; x_wconf 83' lang='lat' dir='ltr'><strong>riam</strong></span> <span class='ocrx_word' id='word_1_51' title='bbox 810 689 1005 744; x_wconf 87' lang='lat' dir='ltr'><strong>gentium</strong></span> <span class='ocrx_word' id='word_1_52' title='bbox 1024 689 1173 744; x_wconf 91' lang='lat' dir='ltr'><strong>populi</strong></span> <span class='ocrx_word' id='word_1_53' title='bbox 1191 691 1356 731; x_wconf 82' lang='lat' dir='ltr'><strong>romani</strong></span> <span class='ocrx_word' id='word_1_54' title='bbox 1375 694 1424 731; x_wconf 93' lang='lat' dir='ltr'><em>N</em></span> 
     </span>
    </p>

    <p class='ocr_par' dir='ltr' id='par_1_3' title="bbox 488 758 1319 814">
     <span class='ocr_line' id='line_1_8' title="bbox 488 758 1319 814; baseline 0.001 -14"><span class='ocrx_word' id='word_1_55' title='bbox 488 765 580 809; x_wconf 86' lang='lat'><strong>123,</strong></span> <span class='ocrx_word' id='word_1_56' title='bbox 612 765 659 801; x_wconf 84' lang='lat'><strong>15</strong></span> <span class='ocrx_word' id='word_1_57' title='bbox 681 759 916 813; x_wconf 86' lang='lat' dir='ltr'><strong>paeniteret</strong></span> <span class='ocrx_word' id='word_1_58' title='bbox 937 772 963 810; x_wconf 85' lang='grc' dir='ltr'><em>ς</em></span> <span class='ocrx_word' id='word_1_59' title='bbox 978 777 991 799; x_wconf 90' lang='grc'><strong>.·</strong></span> <span class='ocrx_word' id='word_1_60' title='bbox 1022 758 1253 814; x_wconf 86' lang='lat' dir='ltr'><strong>pertineret</strong></span> <span class='ocrx_word' id='word_1_61' title='bbox 1271 764 1319 801; x_wconf 94' lang='lat' dir='ltr'><em>N</em></span> 
     </span>
    </p>

    <p class='ocr_par' dir='ltr' id='par_1_4' title="bbox 263 828 1813 1654">
     <span class='ocr_line' id='line_1_9' title="bbox 490 828 1121 883; baseline 0 -13"><span class='ocrx_word' id='word_1_62' title='bbox 490 833 582 879; x_wconf 86' lang='lat'><strong>123,</strong></span> <span class='ocrx_word' id='word_1_63' title='bbox 613 835 659 870; x_wconf 90' lang='lat'><strong>17</strong></span> <span class='ocrx_word' id='word_1_64' title='bbox 683 844 826 870; x_wconf 88' lang='lat' dir='ltr'><strong>caesar</strong></span> <span class='ocrx_word' id='word_1_65' title='bbox 847 842 898 880; x_wconf 87' lang='grc' dir='ltr'><strong>ς.·</strong></span> <span class='ocrx_word' id='word_1_66' title='bbox 929 828 1050 883; x_wconf 85' lang='lat' dir='ltr'><strong>gaius</strong></span> <span class='ocrx_word' id='word_1_67' title='bbox 1071 833 1121 870; x_wconf 92' lang='lat' dir='ltr'><em>N</em></span> 
     </span>
     <span class='ocr_line' id='line_1_10' title="bbox 265 899 1805 954; baseline 0.001 -14"><span class='ocrx_word' id='word_1_68' title='bbox 265 902 317 940; x_wconf 90' lang='lat' dir='ltr'><strong>de</strong></span> <span class='ocrx_word' id='word_1_69' title='bbox 332 900 485 953; x_wconf 90' lang='lat' dir='ltr'><strong>quibus</strong></span> <span class='ocrx_word' id='word_1_70' title='bbox 507 914 582 939; x_wconf 92' lang='lat' dir='ltr'><strong>cur</strong></span> <span class='ocrx_word' id='word_1_71' title='bbox 602 899 723 940; x_wconf 90' lang='lat' dir='ltr'><strong>aliter</strong></span> <span class='ocrx_word' id='word_1_72' title='bbox 743 899 979 941; x_wconf 87' lang='lat' dir='ltr'><strong>iudicemus</strong></span> <span class='ocrx_word' id='word_1_73' title='bbox 996 901 1117 940; x_wconf 90' lang='lat' dir='ltr'><strong>nulla</strong></span> <span class='ocrx_word' id='word_1_74' title='bbox 1133 915 1262 941; x_wconf 91' lang='lat' dir='ltr'><strong>causa</strong></span> <span class='ocrx_word' id='word_1_75' title='bbox 1277 907 1355 941; x_wconf 88' lang='lat' dir='ltr'><strong>est.</strong></span> <span class='ocrx_word' id='word_1_76' title='bbox 1376 914 1486 954; x_wconf 90' lang='lat' dir='ltr'><strong>quae</strong></span> <span class='ocrx_word' id='word_1_77' title='bbox 1503 913 1603 940; x_wconf 93' lang='lat' dir='ltr'><strong>cum</strong></span> <span class='ocrx_word' id='word_1_78' title='bbox 1622 900 1683 941; x_wconf 90' lang='lat' dir='ltr'><strong>ita</strong></span> <span class='ocrx_word' id='word_1_79' title='bbox 1703 901 1805 951; x_wconf 88' lang='lat' dir='ltr'><strong>sint,</strong></span> 
     </span>
     <span class='ocr_line' id='line_1_11' title="bbox 265 969 1812 1024; baseline 0.001 -14"><span class='ocrx_word' id='word_1_80' title='bbox 265 970 444 1011; x_wconf 90' lang='lat' dir='ltr'><strong>dubium</strong></span> <span class='ocrx_word' id='word_1_81' title='bbox 465 984 555 1010; x_wconf 89' lang='lat' dir='ltr'><strong>esse</strong></span> <span class='ocrx_word' id='word_1_82' title='bbox 577 969 724 1023; x_wconf 87' lang='lat' dir='ltr'><strong>nequit</strong></span> <span class='ocrx_word' id='word_1_83' title='bbox 753 970 857 1024; x_wconf 90' lang='lat' dir='ltr'><strong>quin</strong></span> <span class='ocrx_word' id='word_1_84' title='bbox 869 1002 881 1020; x_wconf 90' lang='lat'><em>,</em></span> <span class='ocrx_word' id='word_1_85' title='bbox 906 969 942 1010; x_wconf 94' lang='lat' dir='ltr'><strong>si</strong></span> <span class='ocrx_word' id='word_1_86' title='bbox 963 970 1067 1024; x_wconf 90' lang='lat' dir='ltr'><strong>quid</strong></span> <span class='ocrx_word' id='word_1_87' title='bbox 1086 969 1132 1010; x_wconf 92' lang='lat' dir='ltr'><strong>in</strong></span> <span class='ocrx_word' id='word_1_88' title='bbox 1153 983 1179 1021; x_wconf 85' lang='grc' dir='ltr'><em>ς</em></span> <span class='ocrx_word' id='word_1_89' title='bbox 1197 970 1444 1010; x_wconf 91' lang='lat' dir='ltr'><strong>inueniatur</strong></span> <span class='ocrx_word' id='word_1_90' title='bbox 1464 970 1578 1024; x_wconf 91' lang='lat' dir='ltr'><strong>quod</strong></span> <span class='ocrx_word' id='word_1_91' title='bbox 1596 970 1812 1024; x_wconf 84' lang='lat' dir='ltr'><strong>probabile</strong></span> 
     </span>
     <span class='ocr_line' id='line_1_12' title="bbox 266 1039 1811 1094; baseline 0.001 -13"><span class='ocrx_word' id='word_1_92' title='bbox 266 1040 335 1090; x_wconf 83' lang='lat' dir='ltr'><strong>sit,</strong></span> <span class='ocrx_word' id='word_1_93' title='bbox 361 1040 407 1080; x_wconf 92' lang='lat' dir='ltr'><strong>id</strong></span> <span class='ocrx_word' id='word_1_94' title='bbox 427 1039 669 1081; x_wconf 90' lang='lat' dir='ltr'><strong>coniectura</strong></span> <span class='ocrx_word' id='word_1_95' title='bbox 689 1047 901 1094; x_wconf 87' lang='lat' dir='ltr'><strong>repertum</strong></span> <span class='ocrx_word' id='word_1_96' title='bbox 922 1040 1021 1081; x_wconf 90' lang='lat' dir='ltr'><strong>duci</strong></span> <span class='ocrx_word' id='word_1_97' title='bbox 1042 1046 1232 1094; x_wconf 83' lang='lat' dir='ltr'><strong>oporteat</strong></span> <span class='ocrx_word' id='word_1_98' title='bbox 1251 1054 1390 1093; x_wconf 87' lang='lat' dir='ltr'><strong>neque</strong></span> <span class='ocrx_word' id='word_1_99' title='bbox 1410 1040 1649 1094; x_wconf 85' lang='lat' dir='ltr'><strong>grauiorem</strong></span> <span class='ocrx_word' id='word_1_100' title='bbox 1669 1048 1811 1093; x_wconf 83' lang='lat' dir='ltr'><strong>aucto-</strong></span> 
     </span>
     <span class='ocr_line' id='line_1_13' title="bbox 265 1110 1810 1165; baseline 0.001 -15"><span class='ocrx_word' id='word_1_101' title='bbox 265 1110 436 1150; x_wconf 89' lang='lat' dir='ltr'><strong>ritatem</strong></span> <span class='ocrx_word' id='word_1_102' title='bbox 456 1110 611 1151; x_wconf 87' lang='lat' dir='ltr'><strong>habeat</strong></span> <span class='ocrx_word' id='word_1_103' title='bbox 622 1127 633 1159; x_wconf 83' lang='lat'>3</span> <span class='ocrx_word' id='word_1_104' title='bbox 668 1125 775 1164; x_wconf 90' lang='lat' dir='ltr'><strong>quae</strong></span> <span class='ocrx_word' id='word_1_105' title='bbox 802 1125 930 1165; x_wconf 89' lang='lat' dir='ltr'><strong>quam</strong></span> <span class='ocrx_word' id='word_1_106' title='bbox 955 1125 1092 1164; x_wconf 89' lang='lat' dir='ltr'><strong>pauca</strong></span> <span class='ocrx_word' id='word_1_107' title='bbox 1112 1110 1198 1151; x_wconf 88' lang='lat' dir='ltr'><strong>sint</strong></span> <span class='ocrx_word' id='word_1_108' title='bbox 1219 1111 1556 1151; x_wconf 89' lang='lat' dir='ltr'><strong>demonstratum</strong></span> <span class='ocrx_word' id='word_1_109' title='bbox 1577 1117 1654 1151; x_wconf 85' lang='lat' dir='ltr'><strong>est.</strong></span> <span class='ocrx_word' id='word_1_110' title='bbox 1697 1125 1810 1165; x_wconf 91' lang='lat' dir='ltr'><strong>pror-</strong></span> 
     </span>
     <span class='ocr_line' id='line_1_14' title="bbox 267 1177 1812 1235; baseline 0.001 -15"><span class='ocrx_word' id='word_1_111' title='bbox 267 1195 338 1220; x_wconf 88' lang='lat' dir='ltr'><strong>sus</strong></span> <span class='ocrx_word' id='word_1_112' title='bbox 369 1194 732 1233; x_wconf 90' lang='lat' dir='ltr'><strong>superuacaneum</strong></span> <span class='ocrx_word' id='word_1_113' title='bbox 762 1180 895 1234; x_wconf 88' lang='lat' dir='ltr'><strong>igitur</strong></span> <span class='ocrx_word' id='word_1_114' title='bbox 930 1187 1019 1221; x_wconf 91' lang='lat' dir='ltr'><strong>erat</strong></span> <span class='ocrx_word' id='word_1_115' title='bbox 1046 1177 1424 1235; x_wconf 82' lang='lat' dir='ltr'><strong>interpolationum</strong></span> <span class='ocrx_word' id='word_1_116' title='bbox 1452 1186 1578 1234; x_wconf 91' lang='lat' dir='ltr'><strong>atque</strong></span> <span class='ocrx_word' id='word_1_117' title='bbox 1607 1180 1812 1222; x_wconf 90' lang='lat' dir='ltr'><strong>uitiorum</strong></span> 
     </span>
     <span class='ocr_line' id='line_1_15' title="bbox 266 1250 1811 1305; baseline 0.001 -15"><span class='ocrx_word' id='word_1_118' title='bbox 266 1264 318 1290; x_wconf 88' lang='lat' dir='ltr'><strong>ex</strong></span> <span class='ocrx_word' id='word_1_119' title='bbox 339 1250 429 1290; x_wconf 89' lang='lat' dir='ltr'><strong>sola</strong></span> <span class='ocrx_word' id='word_1_120' title='bbox 456 1250 720 1291; x_wconf 85' lang='lat' dir='ltr'><strong>librariorum</strong></span> <span class='ocrx_word' id='word_1_121' title='bbox 749 1250 1022 1305; x_wconf 84' lang='lat' dir='ltr'><strong>neglegentia</strong></span> <span class='ocrx_word' id='word_1_122' title='bbox 1055 1257 1367 1305; x_wconf 81' lang='lat' dir='ltr'><strong>procreatorum</strong></span> <span class='ocrx_word' id='word_1_123' title='bbox 1397 1250 1608 1304; x_wconf 87' lang='lat' dir='ltr'><strong>farragine</strong></span> <span class='ocrx_word' id='word_1_124' title='bbox 1637 1250 1811 1304; x_wconf 87' lang='lat' dir='ltr'><strong>scripto-</strong></span> 
     </span>
     <span class='ocr_line' id='line_1_16' title="bbox 266 1320 1811 1376; baseline 0.001 -16"><span class='ocrx_word' id='word_1_125' title='bbox 266 1334 355 1360; x_wconf 89' lang='lat' dir='ltr'><strong>rem</strong></span> <span class='ocrx_word' id='word_1_126' title='bbox 377 1334 564 1361; x_wconf 87' lang='lat' dir='ltr'><strong>onerare.</strong></span> <span class='ocrx_word' id='word_1_127' title='bbox 599 1322 711 1374; x_wconf 89' lang='lat' dir='ltr'><strong>quod</strong></span> <span class='ocrx_word' id='word_1_128' title='bbox 731 1320 767 1361; x_wconf 87' lang='lat' dir='ltr'><strong>si</strong></span> <span class='ocrx_word' id='word_1_129' title='bbox 788 1320 881 1374; x_wconf 89' lang='lat' dir='ltr'><strong>quis</strong></span> <span class='ocrx_word' id='word_1_130' title='bbox 902 1321 948 1361; x_wconf 90' lang='lat' dir='ltr'><strong>in</strong></span> <span class='ocrx_word' id='word_1_131' title='bbox 970 1321 1162 1361; x_wconf 90' lang='lat' dir='ltr'><strong>animum</strong></span> <span class='ocrx_word' id='word_1_132' title='bbox 1181 1320 1380 1361; x_wconf 88' lang='lat' dir='ltr'><strong>inducere</strong></span> <span class='ocrx_word' id='word_1_133' title='bbox 1408 1321 1524 1361; x_wconf 89' lang='lat' dir='ltr'><strong>uolet</strong></span> <span class='ocrx_word' id='word_1_134' title='bbox 1554 1335 1607 1361; x_wconf 87' lang='lat' dir='ltr'><strong>ex</strong></span> <span class='ocrx_word' id='word_1_135' title='bbox 1626 1321 1811 1376; x_wconf 88' lang='lat' dir='ltr'><strong>interpo-</strong></span> 
     </span>
     <span class='ocr_line' id='line_1_17' title="bbox 266 1389 1813 1443; baseline 0.002 -14"><span class='ocrx_word' id='word_1_136' title='bbox 266 1389 365 1430; x_wconf 86' lang='lat' dir='ltr'><strong>latis</strong></span> <span class='ocrx_word' id='word_1_137' title='bbox 385 1389 656 1443; x_wconf 87' lang='lat' dir='ltr'><strong>potissimum</strong></span> <span class='ocrx_word' id='word_1_138' title='bbox 677 1390 893 1431; x_wconf 83' lang='lat' dir='ltr'><strong>codicibus</strong></span> <span class='ocrx_word' id='word_1_139' title='bbox 922 1391 1038 1432; x_wconf 91' lang='lat' dir='ltr'><strong>Flori</strong></span> <span class='ocrx_word' id='word_1_140' title='bbox 1066 1392 1198 1431; x_wconf 91' lang='lat' dir='ltr'><strong>uerba</strong></span> <span class='ocrx_word' id='word_1_141' title='bbox 1226 1389 1448 1431; x_wconf 85' lang='lat' dir='ltr'><strong>restituere</strong></span> <span class='ocrx_word' id='word_1_142' title='bbox 1479 1414 1532 1420; x_wconf 93' lang='lat'><strong>—</strong></span> <span class='ocrx_word' id='word_1_143' title='bbox 1562 1398 1605 1431; x_wconf 89' lang='lat' dir='ltr'><strong>et</strong></span> <span class='ocrx_word' id='word_1_144' title='bbox 1632 1391 1744 1432; x_wconf 87' lang='lat' dir='ltr'><strong>nihil</strong></span> <span class='ocrx_word' id='word_1_145' title='bbox 1763 1391 1813 1432; x_wconf 88' lang='lat' dir='ltr'><strong>in</strong></span> 
     </span>
     <span class='ocr_line' id='line_1_18' title="bbox 263 1460 1813 1514; baseline 0.002 -15"><span class='ocrx_word' id='word_1_146' title='bbox 263 1460 343 1500; x_wconf 91' lang='lat' dir='ltr'><strong>hoc</strong></span> <span class='ocrx_word' id='word_1_147' title='bbox 364 1474 517 1513; x_wconf 82' lang='lat' dir='ltr'><strong>genere</strong></span> <span class='ocrx_word' id='word_1_148' title='bbox 539 1461 847 1514; x_wconf 87' lang='lat' dir='ltr'><strong>desperandum</strong></span> <span class='ocrx_word' id='word_1_149' title='bbox 864 1468 927 1501; x_wconf 89' lang='lat' dir='ltr'><strong>est</strong></span> <span class='ocrx_word' id='word_1_150' title='bbox 942 1485 998 1490; x_wconf 91' lang='lat'>—</span> <span class='ocrx_word' id='word_1_151' title='bbox 1013 1460 1049 1501; x_wconf 92' lang='lat' dir='ltr'><strong>is</strong></span> <span class='ocrx_word' id='word_1_152' title='bbox 1067 1462 1181 1514; x_wconf 90' lang='lat' dir='ltr'><strong>apud</strong></span> <span class='ocrx_word' id='word_1_153' title='bbox 1196 1460 1423 1500; x_wconf 88' lang='lat' dir='ltr'><strong>Dukerum</strong></span> <span class='ocrx_word' id='word_1_154' title='bbox 1448 1466 1595 1513; x_wconf 87' lang='lat' dir='ltr'><strong>parata</strong></span> <span class='ocrx_word' id='word_1_155' title='bbox 1619 1460 1813 1502; x_wconf 87' lang='lat' dir='ltr'><strong>inueniet</strong></span> 
     </span>
     <span class='ocr_line' id='line_1_19' title="bbox 266 1529 1810 1585; baseline 0.001 -16"><span class='ocrx_word' id='word_1_156' title='bbox 266 1529 419 1582; x_wconf 90' lang='lat' dir='ltr'><strong>quibus</strong></span> <span class='ocrx_word' id='word_1_157' title='bbox 451 1531 673 1579; x_wconf 88' lang='lat' dir='ltr'><strong>abutatur,</strong></span> <span class='ocrx_word' id='word_1_158' title='bbox 711 1537 752 1571; x_wconf 90' lang='lat' dir='ltr'><strong>et</strong></span> <span class='ocrx_word' id='word_1_159' title='bbox 782 1530 898 1580; x_wconf 88' lang='lat' dir='ltr'><strong>facili</strong></span> <span class='ocrx_word' id='word_1_160' title='bbox 928 1545 1054 1585; x_wconf 91' lang='lat' dir='ltr'><strong>opera</strong></span> <span class='ocrx_word' id='word_1_161' title='bbox 1074 1545 1263 1571; x_wconf 91' lang='lat' dir='ltr'><strong>errorum</strong></span> <span class='ocrx_word' id='word_1_162' title='bbox 1283 1529 1448 1584; x_wconf 90' lang='lat' dir='ltr'><strong>copiam</strong></span> <span class='ocrx_word' id='word_1_163' title='bbox 1469 1545 1522 1570; x_wconf 86' lang='lat' dir='ltr'><strong>ex</strong></span> <span class='ocrx_word' id='word_1_164' title='bbox 1542 1530 1636 1571; x_wconf 91' lang='lat' dir='ltr'><strong>aliis</strong></span> <span class='ocrx_word' id='word_1_165' title='bbox 1658 1530 1810 1571; x_wconf 90' lang='lat' dir='ltr'><strong>codici—</strong></span> 
     </span>
     <span class='ocr_line' id='line_1_20' title="bbox 264 1600 709 1654; baseline 0 -14"><span class='ocrx_word' id='word_1_166' title='bbox 264 1600 345 1640; x_wconf 90' lang='lat' dir='ltr'><strong>bus</strong></span> <span class='ocrx_word' id='word_1_167' title='bbox 367 1614 520 1654; x_wconf 86' lang='lat' dir='ltr'><strong>augere</strong></span> <span class='ocrx_word' id='word_1_168' title='bbox 540 1600 709 1654; x_wconf 91' lang='lat' dir='ltr'><strong>poterit.</strong></span> 
     </span>
    </p>

    <p class='ocr_par' dir='ltr' id='par_1_5' title="bbox 261 1669 1874 2633">
     <span class='ocr_line' id='line_1_21' title="bbox 378 1669 1811 1724; baseline -0.001 -13"><span class='ocrx_word' id='word_1_169' title='bbox 378 1670 496 1712; x_wconf 88' lang='lat' dir='ltr'><strong>Artis</strong></span> <span class='ocrx_word' id='word_1_170' title='bbox 516 1670 685 1711; x_wconf 84' lang='lat' dir='ltr'><strong>criticae</strong></span> <span class='ocrx_word' id='word_1_171' title='bbox 706 1671 851 1724; x_wconf 91' lang='lat' dir='ltr'><strong>paullo</strong></span> <span class='ocrx_word' id='word_1_172' title='bbox 871 1671 1089 1724; x_wconf 87' lang='lat' dir='ltr'><strong>peritiores</strong></span> <span class='ocrx_word' id='word_1_173' title='bbox 1110 1686 1198 1712; x_wconf 91' lang='lat' dir='ltr'><strong>non</strong></span> <span class='ocrx_word' id='word_1_174' title='bbox 1218 1671 1502 1720; x_wconf 88' lang='lat' dir='ltr'><strong>dubitabunt,</strong></span> <span class='ocrx_word' id='word_1_175' title='bbox 1533 1672 1657 1711; x_wconf 85' lang='lat' dir='ltr'><strong>credo</strong></span> <span class='ocrx_word' id='word_1_176' title='bbox 1670 1702 1682 1720; x_wconf 92' lang='lat'><strong><em>,</em></strong></span> <span class='ocrx_word' id='word_1_177' title='bbox 1706 1669 1811 1724; x_wconf 90' lang='lat' dir='ltr'><strong>quin</strong></span> 
     </span>
     <span class='ocr_line' id='line_1_22' title="bbox 265 1731 1874 1795; baseline 0 -15"><span class='ocrx_word' id='word_1_178' title='bbox 265 1739 480 1781; x_wconf 85' lang='lat' dir='ltr'><strong>codicibus</strong></span> <span class='ocrx_word' id='word_1_179' title='bbox 501 1740 805 1781; x_wconf 88' lang='lat' dir='ltr'><strong>recentioribus</strong></span> <span class='ocrx_word' id='word_1_180' title='bbox 826 1741 992 1782; x_wconf 89' lang='lat' dir='ltr'><strong>omissis</strong></span> <span class='ocrx_word' id='word_1_181' title='bbox 1009 1747 1062 1791; x_wconf 86' lang='lat' dir='ltr'><strong>B,</strong></span> <span class='ocrx_word' id='word_1_182' title='bbox 1082 1741 1273 1782; x_wconf 90' lang='lat' dir='ltr'><strong>adhibito</strong></span> <span class='ocrx_word' id='word_1_183' title='bbox 1293 1741 1368 1782; x_wconf 93' lang='lat' dir='ltr'><strong>ubi</strong></span> <span class='ocrx_word' id='word_1_184' title='bbox 1387 1741 1480 1782; x_wconf 92' lang='lat' dir='ltr'><strong>fieri</strong></span> <span class='ocrx_word' id='word_1_185' title='bbox 1499 1747 1640 1795; x_wconf 87' lang='lat' dir='ltr'><strong>potest</strong></span> <span class='ocrx_word' id='word_1_186' title='bbox 1654 1743 1693 1790; x_wconf 90' lang='lat' dir='ltr'><strong>I,</strong></span> <span class='ocrx_word' id='word_1_187' title='bbox 1712 1740 1809 1780; x_wconf 82' lang='lat' dir='ltr'><strong>fun-</strong></span> <span class='ocrx_word' id='word_1_188' title='bbox 1872 1731 1874 1733; x_wconf 34' lang='grc'><strong><em>’</em></strong></span> 
     </span>
     <span class='ocr_line' id='line_1_23' title="bbox 265 1810 1811 1864; baseline 0.001 -14"><span class='ocrx_word' id='word_1_189' title='bbox 265 1811 515 1851; x_wconf 90' lang='lat' dir='ltr'><strong>damentum</strong></span> <span class='ocrx_word' id='word_1_190' title='bbox 535 1825 660 1851; x_wconf 87' lang='lat' dir='ltr'><strong>uerae</strong></span> <span class='ocrx_word' id='word_1_191' title='bbox 680 1811 875 1852; x_wconf 89' lang='lat' dir='ltr'><strong>lectionis</strong></span> <span class='ocrx_word' id='word_1_192' title='bbox 897 1811 1184 1852; x_wconf 85' lang='lat' dir='ltr'><strong>restituendae</strong></span> <span class='ocrx_word' id='word_1_193' title='bbox 1205 1812 1428 1852; x_wconf 90' lang='lat' dir='ltr'><strong>habendus</strong></span> <span class='ocrx_word' id='word_1_194' title='bbox 1449 1811 1519 1852; x_wconf 89' lang='lat' dir='ltr'><strong>sit.</strong></span> <span class='ocrx_word' id='word_1_195' title='bbox 1552 1812 1627 1851; x_wconf 88' lang='lat' dir='ltr'><strong>sed</strong></span> <span class='ocrx_word' id='word_1_196' title='bbox 1646 1810 1719 1851; x_wconf 91' lang='lat' dir='ltr'><strong>uel</strong></span> <span class='ocrx_word' id='word_1_197' title='bbox 1738 1825 1811 1864; x_wconf 90' lang='lat' dir='ltr'><strong>op-</strong></span> 
     </span>
     <span class='ocr_line' id='line_1_24' title="bbox 265 1879 1808 1935; baseline 0 -15"><span class='ocrx_word' id='word_1_198' title='bbox 265 1879 395 1921; x_wconf 89' lang='lat' dir='ltr'><strong>timus</strong></span> <span class='ocrx_word' id='word_1_199' title='bbox 416 1881 550 1921; x_wconf 84' lang='lat' dir='ltr'><strong>codex</strong></span> <span class='ocrx_word' id='word_1_200' title='bbox 569 1896 657 1921; x_wconf 92' lang='lat' dir='ltr'><strong>non</strong></span> <span class='ocrx_word' id='word_1_201' title='bbox 687 1881 877 1922; x_wconf 90' lang='lat' dir='ltr'><strong>inmunis</strong></span> <span class='ocrx_word' id='word_1_202' title='bbox 906 1896 931 1922; x_wconf 91' lang='lat' dir='ltr'><strong>a</strong></span> <span class='ocrx_word' id='word_1_203' title='bbox 957 1881 1076 1923; x_wconf 90' lang='lat' dir='ltr'><strong>uitiis</strong></span> <span class='ocrx_word' id='word_1_204' title='bbox 1106 1889 1170 1923; x_wconf 91' lang='lat' dir='ltr'><strong>est</strong></span> <span class='ocrx_word' id='word_1_205' title='bbox 1200 1896 1308 1935; x_wconf 90' lang='lat' dir='ltr'><strong>quae</strong></span> <span class='ocrx_word' id='word_1_206' title='bbox 1339 1880 1636 1922; x_wconf 89' lang='lat' dir='ltr'><strong>emendatione</strong></span> <span class='ocrx_word' id='word_1_207' title='bbox 1666 1886 1808 1934; x_wconf 89' lang='lat' dir='ltr'><strong>egent,</strong></span> 
     </span>
     <span class='ocr_line' id='line_1_25' title="bbox 264 1942 1813 2004; baseline -0.001 -13"><span class='ocrx_word' id='word_1_208' title='bbox 264 1950 355 1991; x_wconf 88' lang='lat' dir='ltr'><strong>siue</strong></span> <span class='ocrx_word' id='word_1_209' title='bbox 376 1965 430 1991; x_wconf 89' lang='lat' dir='ltr'><strong>ex</strong></span> <span class='ocrx_word' id='word_1_210' title='bbox 449 1942 760 2004; x_wconf 87' lang='lat' dir='ltr'><strong>antiquioribus</strong></span> <span class='ocrx_word' id='word_1_211' title='bbox 780 1951 900 1992; x_wconf 89' lang='lat' dir='ltr'><strong>libris</strong></span> <span class='ocrx_word' id='word_1_212' title='bbox 921 1953 1128 1993; x_wconf 88' lang='lat' dir='ltr'><strong>translata</strong></span> <span class='ocrx_word' id='word_1_213' title='bbox 1148 1951 1234 1993; x_wconf 89' lang='lat' dir='ltr'><strong>sint</strong></span> <span class='ocrx_word' id='word_1_214' title='bbox 1246 1983 1258 2001; x_wconf 89' lang='lat'>,</span> <span class='ocrx_word' id='word_1_215' title='bbox 1282 1951 1373 1992; x_wconf 90' lang='lat' dir='ltr'><strong>siue</strong></span> <span class='ocrx_word' id='word_1_216' title='bbox 1394 1966 1447 1991; x_wconf 88' lang='lat' dir='ltr'><strong>ex</strong></span> <span class='ocrx_word' id='word_1_217' title='bbox 1466 1950 1628 1992; x_wconf 89' lang='lat' dir='ltr'><strong>librarii</strong></span> <span class='ocrx_word' id='word_1_218' title='bbox 1648 1949 1813 1991; x_wconf 89' lang='lat' dir='ltr'><strong>incuria</strong></span> 
     </span>
     <span class='ocr_line' id='line_1_26' title="bbox 263 2018 1811 2076; baseline -0.001 -16"><span class='ocrx_word' id='word_1_219' title='bbox 263 2027 379 2061; x_wconf 89' lang='lat' dir='ltr'><strong>nata.</strong></span> <span class='ocrx_word' id='word_1_220' title='bbox 424 2022 478 2061; x_wconf 89' lang='lat' dir='ltr'><strong>ad</strong></span> <span class='ocrx_word' id='word_1_221' title='bbox 498 2035 605 2074; x_wconf 91' lang='lat' dir='ltr'><strong>quae</strong></span> <span class='ocrx_word' id='word_1_222' title='bbox 627 2022 980 2076; x_wconf 89' lang='lat' dir='ltr'><strong>deprehendenda</strong></span> <span class='ocrx_word' id='word_1_223' title='bbox 1000 2028 1127 2076; x_wconf 90' lang='lat' dir='ltr'><strong>atque</strong></span> <span class='ocrx_word' id='word_1_224' title='bbox 1149 2022 1338 2062; x_wconf 91' lang='lat' dir='ltr'><strong>tollenda</strong></span> <span class='ocrx_word' id='word_1_225' title='bbox 1357 2019 1579 2075; x_wconf 84' lang='lat' dir='ltr'><strong>permagni</strong></span> <span class='ocrx_word' id='word_1_226' title='bbox 1605 2018 1811 2060; x_wconf 91' lang='lat' dir='ltr'><strong>momenti</strong></span> 
     </span>
     <span class='ocr_line' id='line_1_27' title="bbox 263 2089 1810 2146; baseline -0.001 -14"><span class='ocrx_word' id='word_1_227' title='bbox 263 2098 327 2132; x_wconf 90' lang='lat' dir='ltr'><strong>est</strong></span> <span class='ocrx_word' id='word_1_228' title='bbox 348 2092 480 2132; x_wconf 83' lang='lat' dir='ltr'><strong>codex</strong></span> <span class='ocrx_word' id='word_1_229' title='bbox 509 2092 678 2146; x_wconf 87' lang='lat' dir='ltr'><strong>qualem</strong></span> <span class='ocrx_word' id='word_1_230' title='bbox 706 2095 756 2131; x_wconf 94' lang='lat' dir='ltr'><em>N</em></span> <span class='ocrx_word' id='word_1_231' title='bbox 779 2092 986 2133; x_wconf 85' lang='lat' dir='ltr'><strong>habemus</strong></span> <span class='ocrx_word' id='word_1_232' title='bbox 999 2123 1011 2141; x_wconf 85' lang='lat'><em>‚</em></span> <span class='ocrx_word' id='word_1_233' title='bbox 1036 2091 1109 2145; x_wconf 91' lang='lat' dir='ltr'><strong>qui</strong></span> <span class='ocrx_word' id='word_1_234' title='bbox 1130 2106 1388 2145; x_wconf 88' lang='lat' dir='ltr'><strong>quamquam</strong></span> <span class='ocrx_word' id='word_1_235' title='bbox 1408 2091 1454 2130; x_wconf 90' lang='lat' dir='ltr'><strong>in</strong></span> <span class='ocrx_word' id='word_1_236' title='bbox 1474 2090 1725 2131; x_wconf 85' lang='lat' dir='ltr'><strong>uniuersum</strong></span> <span class='ocrx_word' id='word_1_237' title='bbox 1745 2089 1810 2130; x_wconf 87' lang='lat' dir='ltr'><strong>in-</strong></span> 
     </span>
     <span class='ocr_line' id='line_1_28' title="bbox 263 2159 1812 2214; baseline -0.001 -13"><span class='ocrx_word' id='word_1_238' title='bbox 263 2161 388 2202; x_wconf 88' lang='lat' dir='ltr'><strong>ferior</strong></span> <span class='ocrx_word' id='word_1_239' title='bbox 418 2168 505 2211; x_wconf 84' lang='lat' dir='ltr'><strong>est,</strong></span> <span class='ocrx_word' id='word_1_240' title='bbox 547 2161 663 2201; x_wconf 92' lang='lat' dir='ltr'><strong>haud</strong></span> <span class='ocrx_word' id='word_1_241' title='bbox 692 2175 829 2214; x_wconf 87' lang='lat' dir='ltr'><strong>pauca</strong></span> <span class='ocrx_word' id='word_1_242' title='bbox 859 2168 1003 2202; x_wconf 89' lang='lat' dir='ltr'><strong>tamen</strong></span> <span class='ocrx_word' id='word_1_243' title='bbox 1032 2162 1124 2202; x_wconf 87' lang='lat' dir='ltr'><strong>siue</strong></span> <span class='ocrx_word' id='word_1_244' title='bbox 1155 2176 1256 2202; x_wconf 87' lang='lat' dir='ltr'><strong>casu</strong></span> <span class='ocrx_word' id='word_1_245' title='bbox 1287 2161 1377 2202; x_wconf 88' lang='lat' dir='ltr'><strong>siue</strong></span> <span class='ocrx_word' id='word_1_246' title='bbox 1405 2160 1567 2202; x_wconf 89' lang='lat' dir='ltr'><strong>librarii</strong></span> <span class='ocrx_word' id='word_1_247' title='bbox 1587 2159 1812 2213; x_wconf 85' lang='lat' dir='ltr'><strong>diligentia</strong></span> 
     </span>
     <span class='ocr_line' id='line_1_29' title="bbox 262 2229 1810 2286; baseline -0.001 -16"><span class='ocrx_word' id='word_1_248' title='bbox 262 2238 374 2271; x_wconf 84' lang='lat' dir='ltr'><strong>recte</strong></span> <span class='ocrx_word' id='word_1_249' title='bbox 406 2231 562 2285; x_wconf 90' lang='lat' dir='ltr'><strong>scripta</strong></span> <span class='ocrx_word' id='word_1_250' title='bbox 590 2231 777 2271; x_wconf 83' lang='lat' dir='ltr'><strong>seruauit</strong></span> <span class='ocrx_word' id='word_1_251' title='bbox 810 2246 916 2285; x_wconf 88' lang='lat' dir='ltr'><strong>quae</strong></span> <span class='ocrx_word' id='word_1_252' title='bbox 956 2231 1002 2271; x_wconf 90' lang='lat' dir='ltr'><strong>in</strong></span> <span class='ocrx_word' id='word_1_253' title='bbox 1040 2237 1078 2271; x_wconf 90' lang='lat' dir='ltr'><em>B</em></span> <span class='ocrx_word' id='word_1_254' title='bbox 1114 2238 1310 2286; x_wconf 86' lang='lat' dir='ltr'><strong>corrupta</strong></span> <span class='ocrx_word' id='word_1_255' title='bbox 1340 2237 1502 2271; x_wconf 85' lang='lat' dir='ltr'><strong>extant.</strong></span> <span class='ocrx_word' id='word_1_256' title='bbox 1547 2229 1698 2283; x_wconf 86' lang='lat' dir='ltr'><strong>atquin</strong></span> <span class='ocrx_word' id='word_1_257' title='bbox 1726 2243 1810 2283; x_wconf 92' lang='lat' dir='ltr'><strong>quo</strong></span> 
     </span>
     <span class='ocr_line' id='line_1_30' title="bbox 262 2299 1810 2352; baseline -0.001 -12"><span class='ocrx_word' id='word_1_258' title='bbox 262 2302 388 2342; x_wconf 87' lang='lat' dir='ltr'><strong>modo</strong></span> <span class='ocrx_word' id='word_1_259' title='bbox 409 2301 455 2341; x_wconf 89' lang='lat' dir='ltr'><strong>in</strong></span> <span class='ocrx_word' id='word_1_260' title='bbox 484 2300 795 2342; x_wconf 87' lang='lat' dir='ltr'><strong>constituendis</strong></span> <span class='ocrx_word' id='word_1_261' title='bbox 824 2301 938 2342; x_wconf 91' lang='lat' dir='ltr'><strong>Flori</strong></span> <span class='ocrx_word' id='word_1_262' title='bbox 967 2301 1109 2342; x_wconf 89' lang='lat' dir='ltr'><strong>uerbis</strong></span> <span class='ocrx_word' id='word_1_263' title='bbox 1139 2302 1283 2342; x_wconf 89' lang='lat' dir='ltr'><strong>codice</strong></span> <span class='ocrx_word' id='word_1_264' title='bbox 1311 2305 1360 2343; x_wconf 93' lang='lat' dir='ltr'><em>N</em></span> <span class='ocrx_word' id='word_1_265' title='bbox 1386 2315 1489 2342; x_wconf 88' lang='lat' dir='ltr'><strong>usus</strong></span> <span class='ocrx_word' id='word_1_266' title='bbox 1520 2299 1602 2340; x_wconf 91' lang='lat' dir='ltr'><strong>sim</strong></span> <span class='ocrx_word' id='word_1_267' title='bbox 1631 2300 1684 2340; x_wconf 84' lang='lat' dir='ltr'><strong>ad</strong></span> <span class='ocrx_word' id='word_1_268' title='bbox 1712 2313 1810 2352; x_wconf 90' lang='lat' dir='ltr'><strong>sup-</strong></span> 
     </span>
     <span class='ocr_line' id='line_1_31' title="bbox 261 2369 1810 2425; baseline -0.001 -14"><span class='ocrx_word' id='word_1_269' title='bbox 261 2372 467 2424; x_wconf 90' lang='lat' dir='ltr'><strong>plendum</strong></span> <span class='ocrx_word' id='word_1_270' title='bbox 488 2377 530 2411; x_wconf 89' lang='lat' dir='ltr'><strong>et</strong></span> <span class='ocrx_word' id='word_1_271' title='bbox 550 2372 865 2411; x_wconf 89' lang='lat' dir='ltr'><strong>emendandum</strong></span> <span class='ocrx_word' id='word_1_272' title='bbox 885 2376 923 2410; x_wconf 93' lang='lat' dir='ltr'><em>B</em></span> <span class='ocrx_word' id='word_1_273' title='bbox 950 2385 1024 2424; x_wconf 89' lang='lat' dir='ltr'><strong>per</strong></span> <span class='ocrx_word' id='word_1_274' title='bbox 1051 2371 1241 2425; x_wconf 88' lang='lat' dir='ltr'><strong>singulos</strong></span> <span class='ocrx_word' id='word_1_275' title='bbox 1269 2372 1382 2412; x_wconf 89' lang='lat' dir='ltr'><strong>locos</strong></span> <span class='ocrx_word' id='word_1_276' title='bbox 1411 2371 1699 2411; x_wconf 88' lang='lat' dir='ltr'><strong>demonstrare</strong></span> <span class='ocrx_word' id='word_1_277' title='bbox 1718 2369 1810 2410; x_wconf 87' lang='lat' dir='ltr'><strong>lon-</strong></span> 
     </span>
     <span class='ocr_line' id='line_1_32' title="bbox 261 2440 1810 2495; baseline -0.001 -15"><span class='ocrx_word' id='word_1_278' title='bbox 261 2455 366 2494; x_wconf 87' lang='lat' dir='ltr'><strong>gum</strong></span> <span class='ocrx_word' id='word_1_279' title='bbox 387 2447 450 2480; x_wconf 88' lang='lat' dir='ltr'><strong>est</strong></span> <span class='ocrx_word' id='word_1_280' title='bbox 471 2446 513 2480; x_wconf 91' lang='lat' dir='ltr'><strong>et</strong></span> <span class='ocrx_word' id='word_1_281' title='bbox 535 2440 768 2481; x_wconf 85' lang='lat' dir='ltr'><strong>accuratior</strong></span> <span class='ocrx_word' id='word_1_282' title='bbox 800 2455 949 2494; x_wconf 80' lang='lat' dir='ltr'><strong>operae</strong></span> <span class='ocrx_word' id='word_1_283' title='bbox 978 2455 1097 2481; x_wconf 89' lang='lat' dir='ltr'><strong>meae</strong></span> <span class='ocrx_word' id='word_1_284' title='bbox 1128 2440 1432 2495; x_wconf 89' lang='lat' dir='ltr'><strong>contemplatio</strong></span> <span class='ocrx_word' id='word_1_285' title='bbox 1463 2453 1810 2493; x_wconf 89' lang='lat' dir='ltr'><strong>unumquemque</strong></span> 
     </span>
     <span class='ocr_line' id='line_1_33' title="bbox 263 2507 1810 2565; baseline -0.001 -15"><span class='ocrx_word' id='word_1_286' title='bbox 263 2510 411 2550; x_wconf 89' lang='lat' dir='ltr'><strong>docere</strong></span> <span class='ocrx_word' id='word_1_287' title='bbox 430 2516 571 2563; x_wconf 87' lang='lat' dir='ltr'><strong>potest</strong></span> <span class='ocrx_word' id='word_1_288' title='bbox 582 2526 593 2558; x_wconf 93' lang='lat'>;</span> <span class='ocrx_word' id='word_1_289' title='bbox 618 2509 688 2550; x_wconf 90' lang='lat' dir='ltr'><strong>hic</strong></span> <span class='ocrx_word' id='word_1_290' title='bbox 709 2516 851 2550; x_wconf 86' lang='lat' dir='ltr'><strong>tamen</strong></span> <span class='ocrx_word' id='word_1_291' title='bbox 873 2511 1081 2564; x_wconf 89' lang='lat' dir='ltr'><strong>quaedam</strong></span> <span class='ocrx_word' id='word_1_292' title='bbox 1111 2511 1233 2565; x_wconf 87' lang='lat' dir='ltr'><strong>quasi</strong></span> <span class='ocrx_word' id='word_1_293' title='bbox 1253 2510 1394 2565; x_wconf 81' lang='lat' dir='ltr'><strong>capita</strong></span> <span class='ocrx_word' id='word_1_294' title='bbox 1414 2517 1611 2564; x_wconf 88' lang='lat' dir='ltr'><strong>tangam,</strong></span> <span class='ocrx_word' id='word_1_295' title='bbox 1635 2522 1742 2562; x_wconf 90' lang='lat' dir='ltr'><strong>quae</strong></span> <span class='ocrx_word' id='word_1_296' title='bbox 1763 2507 1810 2548; x_wconf 93' lang='lat' dir='ltr'><strong>in</strong></span> 
     </span>
     <span class='ocr_line' id='line_1_34' title="bbox 261 2579 1144 2633; baseline 0.001 -13"><span class='ocrx_word' id='word_1_297' title='bbox 261 2594 312 2620; x_wconf 88' lang='lat' dir='ltr'><strong>ea</strong></span> <span class='ocrx_word' id='word_1_298' title='bbox 331 2579 578 2633; x_wconf 89' lang='lat' dir='ltr'><strong>quaestione</strong></span> <span class='ocrx_word' id='word_1_299' title='bbox 600 2579 779 2620; x_wconf 86' lang='lat' dir='ltr'><strong>alicuius</strong></span> <span class='ocrx_word' id='word_1_300' title='bbox 800 2581 1007 2621; x_wconf 90' lang='lat' dir='ltr'><strong>momenti</strong></span> <span class='ocrx_word' id='word_1_301' title='bbox 1028 2587 1144 2621; x_wconf 89' lang='lat' dir='ltr'><strong>sunt.</strong></span> 
     </span>
    </p>

    <p class='ocr_par' dir='ltr' id='par_1_6' title="bbox 256 2646 1809 2983">
     <span class='ocr_line' id='line_1_35' title="bbox 374 2646 1808 2703; baseline -0.002 -13"><span class='ocrx_word' id='word_1_302' title='bbox 374 2650 442 2690; x_wconf 89' lang='lat' dir='ltr'><strong>Ex</strong></span> <span class='ocrx_word' id='word_1_303' title='bbox 462 2649 522 2690; x_wconf 88' lang='lat' dir='ltr'><strong>eis</strong></span> <span class='ocrx_word' id='word_1_304' title='bbox 544 2664 652 2703; x_wconf 90' lang='lat' dir='ltr'><strong>quae</strong></span> <span class='ocrx_word' id='word_1_305' title='bbox 673 2651 725 2689; x_wconf 87' lang='lat' dir='ltr'><strong>de</strong></span> <span class='ocrx_word' id='word_1_306' title='bbox 746 2649 998 2703; x_wconf 87' lang='lat' dir='ltr'><strong>cognatione</strong></span> <span class='ocrx_word' id='word_1_307' title='bbox 1019 2650 1130 2691; x_wconf 90' lang='lat' dir='ltr'><strong>inter</strong></span> <span class='ocrx_word' id='word_1_308' title='bbox 1150 2656 1188 2691; x_wconf 92' lang='lat' dir='ltr'><em>B</em></span> <span class='ocrx_word' id='word_1_309' title='bbox 1208 2657 1250 2691; x_wconf 88' lang='lat' dir='ltr'><strong>et</strong></span> <span class='ocrx_word' id='word_1_310' title='bbox 1270 2653 1300 2690; x_wconf 92' lang='lat' dir='ltr'><em>I</em></span> <span class='ocrx_word' id='word_1_311' title='bbox 1323 2649 1539 2702; x_wconf 82' lang='lat' dir='ltr'><strong>disputata</strong></span> <span class='ocrx_word' id='word_1_312' title='bbox 1559 2654 1660 2688; x_wconf 90' lang='lat' dir='ltr'><strong>sunt</strong></span> <span class='ocrx_word' id='word_1_313' title='bbox 1681 2646 1808 2687; x_wconf 87' lang='lat' dir='ltr'><strong>effici-</strong></span> 
     </span>
     <span class='ocr_line' id='line_1_36' title="bbox 262 2718 1808 2774; baseline -0.001 -15"><span class='ocrx_word' id='word_1_314' title='bbox 262 2727 331 2759; x_wconf 92' lang='lat' dir='ltr'><strong>tur</strong></span> <span class='ocrx_word' id='word_1_315' title='bbox 349 2719 647 2773; x_wconf 85' lang='lat' dir='ltr'><strong>grauissimam</strong></span> <span class='ocrx_word' id='word_1_316' title='bbox 668 2734 758 2760; x_wconf 90' lang='lat' dir='ltr'><strong>esse</strong></span> <span class='ocrx_word' id='word_1_317' title='bbox 787 2733 932 2760; x_wconf 90' lang='lat' dir='ltr'><strong>eorum</strong></span> <span class='ocrx_word' id='word_1_318' title='bbox 953 2720 1250 2761; x_wconf 87' lang='lat' dir='ltr'><strong>auctoritatem</strong></span> <span class='ocrx_word' id='word_1_319' title='bbox 1278 2734 1385 2774; x_wconf 85' lang='lat' dir='ltr'><strong>quae</strong></span> <span class='ocrx_word' id='word_1_320' title='bbox 1412 2722 1482 2759; x_wconf 87' lang='lat' dir='ltr'><strong>BI</strong></span> <span class='ocrx_word' id='word_1_321' title='bbox 1508 2731 1720 2758; x_wconf 83' lang='lat' dir='ltr'><strong>consensu</strong></span> <span class='ocrx_word' id='word_1_322' title='bbox 1738 2718 1808 2757; x_wconf 90' lang='lat' dir='ltr'><strong>fir-</strong></span> 
     </span>
     <span class='ocr_line' id='line_1_37' title="bbox 260 2788 1809 2843; baseline -0.001 -15"><span class='ocrx_word' id='word_1_323' title='bbox 260 2795 446 2838; x_wconf 84' lang='lat' dir='ltr'><strong>mantur3</strong></span> <span class='ocrx_word' id='word_1_324' title='bbox 472 2790 545 2830; x_wconf 87' lang='lat' dir='ltr'><strong>sed</strong></span> <span class='ocrx_word' id='word_1_325' title='bbox 566 2788 640 2829; x_wconf 90' lang='lat' dir='ltr'><strong>ubi</strong></span> <span class='ocrx_word' id='word_1_326' title='bbox 660 2794 698 2829; x_wconf 93' lang='lat' dir='ltr'><em>B</em></span> <span class='ocrx_word' id='word_1_327' title='bbox 717 2795 759 2829; x_wconf 90' lang='lat' dir='ltr'><strong>et</strong></span> <span class='ocrx_word' id='word_1_328' title='bbox 779 2792 809 2828; x_wconf 92' lang='lat' dir='ltr'><em>I</em></span> <span class='ocrx_word' id='word_1_329' title='bbox 823 2788 933 2829; x_wconf 89' lang='lat' dir='ltr'><strong>inter</strong></span> <span class='ocrx_word' id='word_1_330' title='bbox 953 2803 996 2829; x_wconf 89' lang='lat' dir='ltr'><strong>se</strong></span> <span class='ocrx_word' id='word_1_331' title='bbox 1013 2788 1289 2838; x_wconf 86' lang='lat' dir='ltr'><strong>dissentiunt,</strong></span> <span class='ocrx_word' id='word_1_332' title='bbox 1313 2789 1601 2843; x_wconf 87' lang='lat' dir='ltr'><strong>quaerendum</strong></span> <span class='ocrx_word' id='word_1_333' title='bbox 1622 2801 1724 2828; x_wconf 85' lang='lat' dir='ltr'><strong>sane</strong></span> <span class='ocrx_word' id='word_1_334' title='bbox 1745 2793 1809 2827; x_wconf 88' lang='lat' dir='ltr'><strong>est</strong></span> 
     </span>
     <span class='ocr_line' id='line_1_38' title="bbox 260 2855 1806 2911; baseline -0.002 -12"><span class='ocrx_word' id='word_1_335' title='bbox 260 2866 356 2899; x_wconf 89' lang='lat' dir='ltr'><strong>uter</strong></span> <span class='ocrx_word' id='word_1_336' title='bbox 376 2873 479 2899; x_wconf 87' lang='lat' dir='ltr'><strong>uera</strong></span> <span class='ocrx_word' id='word_1_337' title='bbox 506 2858 741 2899; x_wconf 89' lang='lat' dir='ltr'><strong>tradiderit.</strong></span> <span class='ocrx_word' id='word_1_338' title='bbox 786 2858 872 2899; x_wconf 90' lang='lat' dir='ltr'><strong>iam</strong></span> <span class='ocrx_word' id='word_1_339' title='bbox 901 2858 948 2898; x_wconf 88' lang='lat' dir='ltr'><strong>hi</strong></span> <span class='ocrx_word' id='word_1_340' title='bbox 977 2858 1103 2911; x_wconf 88' lang='lat' dir='ltr'><strong>pauci</strong></span> <span class='ocrx_word' id='word_1_341' title='bbox 1133 2866 1282 2899; x_wconf 88' lang='lat' dir='ltr'><strong>extant</strong></span> <span class='ocrx_word' id='word_1_342' title='bbox 1310 2857 1393 2899; x_wconf 86' lang='lat' dir='ltr'><strong>loci</strong></span> <span class='ocrx_word' id='word_1_343' title='bbox 1429 2856 1503 2898; x_wconf 90' lang='lat' dir='ltr'><strong>ubi</strong></span> <span class='ocrx_word' id='word_1_344' title='bbox 1533 2871 1634 2898; x_wconf 88' lang='lat' dir='ltr'><strong>uera</strong></span> <span class='ocrx_word' id='word_1_345' title='bbox 1663 2855 1806 2905; x_wconf 89' lang='lat' dir='ltr'><strong>lectio,</strong></span> 
     </span>
     <span class='ocr_line' id='line_1_39' title="bbox 256 2927 1183 2983; baseline 0 -16"><span class='ocrx_word' id='word_1_346' title='bbox 256 2943 364 2981; x_wconf 90' lang='lat' dir='ltr'><strong>quae</strong></span> <span class='ocrx_word' id='word_1_347' title='bbox 387 2928 434 2968; x_wconf 90' lang='lat' dir='ltr'><strong>in</strong></span> <span class='ocrx_word' id='word_1_348' title='bbox 455 2931 485 2969; x_wconf 94' lang='lat' dir='ltr'><em>I</em></span> <span class='ocrx_word' id='word_1_349' title='bbox 499 2928 672 2983; x_wconf 88' lang='lat' dir='ltr'><strong>legitur,</strong></span> <span class='ocrx_word' id='word_1_350' title='bbox 695 2928 825 2970; x_wconf 90' lang='lat' dir='ltr'><strong>etiam</strong></span> <span class='ocrx_word' id='word_1_351' title='bbox 845 2927 888 2968; x_wconf 90' lang='lat' dir='ltr'><strong>in</strong></span> <span class='ocrx_word' id='word_1_352' title='bbox 913 2931 961 2969; x_wconf 96' lang='lat' dir='ltr'><em>N</em></span> <span class='ocrx_word' id='word_1_353' title='bbox 977 2927 1183 2981; x_wconf 87' lang='lat' dir='ltr'><strong>reperitur</strong></span> 
     </span>
    </p>
   </div>
  </div>
 </body>
</html>
